{"tid": 11532718, "date": 1630465221, "type": "buy", "price": 244424.85263, "amount": 0.00035065}
{"tid": 11532719, "date": 1630465265, "type": "sell", "price": 244000.00001, "amount": 0.00035119}
{"tid": 11532720, "date": 1630465265, "type": "sell", "price": 244000, "amount": 0.00729155}
{"tid": 11532721, "date": 1630465269, "type": "buy", "price": 244420.64381, "amount": 0.00014397}
{"tid": 11532722, "date": 1630465270, "type": "buy", "price": 244420.64376, "amount": 0.00020456}
{"tid": 11532723, "date": 1630465280, "type": "buy", "price": 244419.59156, "amount": 0.00144652}
{"tid": 11532724, "date": 1630465317, "type": "buy", "price": 244416.9609, "amount": 0.00023349}
{"tid": 11532725, "date": 1630465325, "type": "buy", "price": 244416.9607, "amount": 0.00064357}
{"tid": 11532726, "date": 1630465340, "type": "sell", "price": 244000, "amount": 0.006358}
{"tid": 11532727, "date": 1630465361, "type": "sell", "price": 244000, "amount": 0.0007147}
{"tid": 11532728, "date": 1630465373, "type": "sell", "price": 244000, "amount": 0.00106001}
{"tid": 11532729, "date": 1630465382, "type": "sell", "price": 244000, "amount": 0.00039025}
{"tid": 11532730, "date": 1630465440, "type": "sell", "price": 244000, "amount": 0.04540628}
{"tid": 11532731, "date": 1630465443, "type": "sell", "price": 244000, "amount": 0.00090401}
{"tid": 11532732, "date": 1630465447, "type": "sell", "price": 244000, "amount": 0.06119}
{"tid": 11532733, "date": 1630465454, "type": "sell", "price": 244000, "amount": 0.00036}
{"tid": 11532734, "date": 1630465484, "type": "sell", "price": 244000, "amount": 0.00027747}
{"tid": 11532735, "date": 1630465485, "type": "buy", "price": 244247.36922, "amount": 0.00081884}
{"tid": 11532736, "date": 1630465491, "type": "sell", "price": 244000, "amount": 3.19e-05}
{"tid": 11532737, "date": 1630465496, "type": "buy", "price": 244246.31703, "amount": 0.00020471}
{"tid": 11532738, "date": 1630465506, "type": "buy", "price": 244244.73878, "amount": 0.00573195}
{"tid": 11532739, "date": 1630465510, "type": "buy", "price": 244244.21274, "amount": 0.00099707}
{"tid": 11532740, "date": 1630465516, "type": "sell", "price": 244000.00001, "amount": 0.00081951}
{"tid": 11532741, "date": 1630465516, "type": "sell", "price": 244000, "amount": 0.07508454}
{"tid": 11532742, "date": 1630465541, "type": "sell", "price": 244000, "amount": 0.00031402}
{"tid": 11532743, "date": 1630465541, "type": "sell", "price": 244000, "amount": 0.00566709}
{"tid": 11532744, "date": 1630465542, "type": "buy", "price": 244241.58222, "amount": 0.00081615}
{"tid": 11532745, "date": 1630465556, "type": "sell", "price": 244000.00001, "amount": 6e-05}
{"tid": 11532746, "date": 1630465589, "type": "buy", "price": 244238.94952, "amount": 0.00055683}
{"tid": 11532747, "date": 1630465613, "type": "buy", "price": 244238.42336, "amount": 0.01269251}
{"tid": 11532748, "date": 1630465627, "type": "buy", "price": 244236.319, "amount": 0.00010076}
{"tid": 11532749, "date": 1630465632, "type": "sell", "price": 244000.00001, "amount": 0.00021731}
{"tid": 11532750, "date": 1630465696, "type": "sell", "price": 244000.00001, "amount": 0.00053948}
{"tid": 11532751, "date": 1630465696, "type": "sell", "price": 244000, "amount": 0.00263952}
{"tid": 11532752, "date": 1630465717, "type": "sell", "price": 244000, "amount": 0.00020726}
{"tid": 11532753, "date": 1630465733, "type": "sell", "price": 244000, "amount": 0.00237401}
{"tid": 11532754, "date": 1630465809, "type": "buy", "price": 244220.53652, "amount": 9.364e-05}
{"tid": 11532755, "date": 1630465839, "type": "sell", "price": 244000, "amount": 0.00384495}
{"tid": 11532756, "date": 1630465874, "type": "buy", "price": 244218.43214, "amount": 0.00010236}
{"tid": 11532757, "date": 1630465896, "type": "buy", "price": 244218.43214, "amount": 0.0035707}
{"tid": 11532758, "date": 1630465939, "type": "sell", "price": 244004.2087, "amount": 0.00043595}
{"tid": 11532759, "date": 1630465949, "type": "sell", "price": 244007.36489, "amount": 0.00123236}
{"tid": 11532760, "date": 1630465983, "type": "sell", "price": 244008.94314, "amount": 3.046e-05}
{"tid": 11532761, "date": 1630466024, "type": "buy", "price": 244224.73973, "amount": 0.00128029}
{"tid": 11532762, "date": 1630466046, "type": "buy", "price": 244224.73985, "amount": 0.00049495}
{"tid": 11532763, "date": 1630466047, "type": "sell", "price": 244008.94314, "amount": 0.002559}
{"tid": 11532764, "date": 1630466063, "type": "sell", "price": 244008.94314, "amount": 0.00040931}
{"tid": 11532765, "date": 1630466088, "type": "buy", "price": 244224.74, "amount": 6.002e-05}
{"tid": 11532766, "date": 1630466089, "type": "sell", "price": 244008.94318, "amount": 0.00067801}
{"tid": 11532767, "date": 1630466089, "type": "buy", "price": 244224.74, "amount": 5.37e-05}
{"tid": 11532768, "date": 1630466089, "type": "buy", "price": 244241.58, "amount": 0.00730167}
{"tid": 11532769, "date": 1630466089, "type": "buy", "price": 244400.27398, "amount": 0.01310765}
{"tid": 11532770, "date": 1630466120, "type": "sell", "price": 244003.68227, "amount": 0.00032585}
{"tid": 11532771, "date": 1630466130, "type": "sell", "price": 244004.7343, "amount": 0.00049149}
{"tid": 11532772, "date": 1630466131, "type": "buy", "price": 244008.94, "amount": 0.00102455}
{"tid": 11532773, "date": 1630466185, "type": "buy", "price": 244008.94, "amount": 0.00048805}
{"tid": 11532774, "date": 1630466195, "type": "buy", "price": 244008.94, "amount": 0.00040982}
{"tid": 11532775, "date": 1630466199, "type": "buy", "price": 244008.94, "amount": 0.00122946}
{"tid": 11532776, "date": 1630466284, "type": "sell", "price": 244000.526, "amount": 0.00027031}
{"tid": 11532777, "date": 1630466284, "type": "sell", "price": 244000.526, "amount": 0.01011969}
{"tid": 11532778, "date": 1630466284, "type": "sell", "price": 244000, "amount": 0.06299731}
{"tid": 11532779, "date": 1630466291, "type": "buy", "price": 244008.94, "amount": 0.0020491}
{"tid": 11532780, "date": 1630466306, "type": "buy", "price": 244008.94, "amount": 0.00163928}
{"tid": 11532781, "date": 1630466307, "type": "buy", "price": 244008.94, "amount": 0.00040982}
{"tid": 11532782, "date": 1630466310, "type": "sell", "price": 244000, "amount": 0.0004078}
{"tid": 11532783, "date": 1630466319, "type": "buy", "price": 244008.94, "amount": 0.00081964}
{"tid": 11532784, "date": 1630466349, "type": "sell", "price": 244000, "amount": 0.00048464}
{"tid": 11532785, "date": 1630466362, "type": "buy", "price": 244008.94, "amount": 0.00083628}
{"tid": 11532786, "date": 1630466384, "type": "sell", "price": 244000, "amount": 0.0008416}
{"tid": 11532787, "date": 1630466392, "type": "buy", "price": 244008.41399, "amount": 0.0004351}
{"tid": 11532788, "date": 1630466398, "type": "buy", "price": 244008.41399, "amount": 0.0020491}
{"tid": 11532789, "date": 1630466450, "type": "sell", "price": 244000, "amount": 5.724e-05}
{"tid": 11532790, "date": 1630466465, "type": "buy", "price": 244008.41399, "amount": 0.00020491}
{"tid": 11532791, "date": 1630466500, "type": "buy", "price": 244007.88797, "amount": 0.00787}
{"tid": 11532792, "date": 1630466500, "type": "buy", "price": 244008.41398, "amount": 0.00882267}
{"tid": 11532793, "date": 1630466532, "type": "sell", "price": 244000, "amount": 0.015895}
{"tid": 11532794, "date": 1630466549, "type": "buy", "price": 244007.36194, "amount": 0.00020491}
{"tid": 11532795, "date": 1630466553, "type": "sell", "price": 244000, "amount": 0.00767751}
{"tid": 11532796, "date": 1630466594, "type": "buy", "price": 244007.36194, "amount": 0.01528509}
{"tid": 11532797, "date": 1630466594, "type": "buy", "price": 244110.09996, "amount": 0.04652508}
{"tid": 11532798, "date": 1630466594, "type": "buy", "price": 244110.09997, "amount": 0.03419704}
{"tid": 11532799, "date": 1630466600, "type": "sell", "price": 244000.00001, "amount": 0.0031574}
{"tid": 11532800, "date": 1630466603, "type": "buy", "price": 244110.09992, "amount": 0.01269918}
{"tid": 11532801, "date": 1630466605, "type": "buy", "price": 244110.09992, "amount": 0.00049752}
{"tid": 11532802, "date": 1630466625, "type": "sell", "price": 244000.00001, "amount": 4.575e-05}
{"tid": 11532803, "date": 1630466685, "type": "buy", "price": 244110.0996, "amount": 0.00040965}
{"tid": 11532804, "date": 1630466703, "type": "buy", "price": 244110.0996, "amount": 0.0021691}
{"tid": 11532805, "date": 1630466743, "type": "buy", "price": 244110.0996, "amount": 0.00040965}
{"tid": 11532806, "date": 1630466761, "type": "buy", "price": 244110.0996, "amount": 7.209e-05}
{"tid": 11532807, "date": 1630466852, "type": "buy", "price": 244110.09952, "amount": 7.361e-05}
{"tid": 11532808, "date": 1630466855, "type": "sell", "price": 244000.00001, "amount": 7.159e-05}
{"tid": 11532809, "date": 1630466873, "type": "sell", "price": 244000.00001, "amount": 0.00126541}
{"tid": 11532810, "date": 1630466877, "type": "buy", "price": 244110.09949, "amount": 4.096e-05}
{"tid": 11532811, "date": 1630466878, "type": "buy", "price": 244110.09949, "amount": 0.00034435}
{"tid": 11532812, "date": 1630467001, "type": "buy", "price": 244110.09863, "amount": 0.0512}
{"tid": 11532813, "date": 1630467001, "type": "buy", "price": 244110.09865, "amount": 0.00140516}
{"tid": 11532814, "date": 1630467001, "type": "buy", "price": 244110.09865, "amount": 0.06277518}
{"tid": 11532815, "date": 1630467009, "type": "buy", "price": 244110.1, "amount": 7.209e-05}
{"tid": 11532816, "date": 1630467013, "type": "sell", "price": 244000, "amount": 0.0013155}
{"tid": 11532817, "date": 1630467058, "type": "sell", "price": 244000, "amount": 7.159e-05}
{"tid": 11532818, "date": 1630467094, "type": "buy", "price": 244014.29999, "amount": 0.0384752}
{"tid": 11532819, "date": 1630467094, "type": "buy", "price": 244014.29999, "amount": 0.00040981}
{"tid": 11532820, "date": 1630467193, "type": "sell", "price": 244014.29, "amount": 9.471e-05}
{"tid": 11532821, "date": 1630467318, "type": "buy", "price": 244014.29999, "amount": 0.03312338}
{"tid": 11532822, "date": 1630467326, "type": "sell", "price": 244014.29, "amount": 0.00084203}
{"tid": 11532823, "date": 1630467326, "type": "sell", "price": 244014.29, "amount": 0.00049288}
{"tid": 11532824, "date": 1630467326, "type": "sell", "price": 244000.29, "amount": 9.647e-05}
{"tid": 11532825, "date": 1630467326, "type": "sell", "price": 244000, "amount": 0.00032878}
{"tid": 11532826, "date": 1630467358, "type": "sell", "price": 244000, "amount": 0.00035508}
{"tid": 11532827, "date": 1630467379, "type": "sell", "price": 244000, "amount": 5.844e-05}
{"tid": 11532828, "date": 1630467406, "type": "sell", "price": 244000, "amount": 0.0473}
{"tid": 11532829, "date": 1630467429, "type": "sell", "price": 244000, "amount": 0.00113522}
{"tid": 11532830, "date": 1630467445, "type": "sell", "price": 244000, "amount": 0.00192}
{"tid": 11532831, "date": 1630467452, "type": "sell", "price": 244000, "amount": 0.00039193}
{"tid": 11532832, "date": 1630467472, "type": "sell", "price": 244000, "amount": 0.0047328}
{"tid": 11532833, "date": 1630467501, "type": "sell", "price": 244000, "amount": 0.00041521}
{"tid": 11532834, "date": 1630467530, "type": "buy", "price": 244014.29997, "amount": 0.00409816}
{"tid": 11532835, "date": 1630467532, "type": "sell", "price": 244000, "amount": 0.1}
{"tid": 11532836, "date": 1630467568, "type": "sell", "price": 244000, "amount": 7.972e-05}
{"tid": 11532837, "date": 1630467596, "type": "buy", "price": 244014.29996, "amount": 0.00021056}
{"tid": 11532838, "date": 1630467610, "type": "buy", "price": 244014.29997, "amount": 0.00204906}
{"tid": 11532839, "date": 1630467734, "type": "sell", "price": 244000.00024, "amount": 0.00165045}
{"tid": 11532840, "date": 1630467758, "type": "buy", "price": 244128.79999, "amount": 0.00150811}
{"tid": 11532841, "date": 1630467774, "type": "buy", "price": 244128.79999, "amount": 4.206e-05}
{"tid": 11532842, "date": 1630467888, "type": "buy", "price": 244128.79999, "amount": 9.995e-05}
{"tid": 11532843, "date": 1630467888, "type": "buy", "price": 244128.8, "amount": 1.785e-05}
{"tid": 11532844, "date": 1630467895, "type": "buy", "price": 244186.1, "amount": 0.00061428}
{"tid": 11532845, "date": 1630467910, "type": "buy", "price": 244214.69999, "amount": 0.00010236}
{"tid": 11532846, "date": 1630467924, "type": "buy", "price": 244214.7, "amount": 0.00025715}
{"tid": 11532847, "date": 1630467926, "type": "sell", "price": 244128.79, "amount": 2.048e-05}
{"tid": 11532848, "date": 1630467926, "type": "sell", "price": 244000.00001, "amount": 0.0009308}
{"tid": 11532849, "date": 1630467987, "type": "buy", "price": 244218.99999, "amount": 0.00093062}
{"tid": 11532850, "date": 1630467987, "type": "buy", "price": 244219, "amount": 0.00070725}
{"tid": 11532851, "date": 1630468101, "type": "buy", "price": 244231.2, "amount": 0.00040944}
{"tid": 11532852, "date": 1630468197, "type": "buy", "price": 244419.59, "amount": 0.00033393}
{"tid": 11532853, "date": 1630468252, "type": "buy", "price": 244419.59, "amount": 0.00092062}
{"tid": 11532854, "date": 1630468284, "type": "sell", "price": 244252.25136, "amount": 0.02136766}
{"tid": 11532855, "date": 1630468375, "type": "buy", "price": 244419.59, "amount": 0.00071216}
{"tid": 11532856, "date": 1630468375, "type": "buy", "price": 244419.59, "amount": 0.00040479}
{"tid": 11532857, "date": 1630468375, "type": "buy", "price": 244500, "amount": 0.00020426}
{"tid": 11532858, "date": 1630468375, "type": "buy", "price": 244500, "amount": 0.00072414}
{"tid": 11532859, "date": 1630468385, "type": "buy", "price": 244500, "amount": 0.00992359}
{"tid": 11532860, "date": 1630468420, "type": "sell", "price": 244015.25514, "amount": 2.156e-05}
{"tid": 11532861, "date": 1630468433, "type": "buy", "price": 244500, "amount": 0.01431492}
{"tid": 11532862, "date": 1630468491, "type": "sell", "price": 244035.77051, "amount": 0.00601061}
{"tid": 11532863, "date": 1630468501, "type": "sell", "price": 244038.92674, "amount": 8.057e-05}
{"tid": 11532864, "date": 1630468545, "type": "sell", "price": 244053.12978, "amount": 0.00116515}
{"tid": 11532865, "date": 1630468551, "type": "sell", "price": 244054.70791, "amount": 3.891e-05}
{"tid": 11532866, "date": 1630468569, "type": "buy", "price": 244500, "amount": 0.00042944}
{"tid": 11532867, "date": 1630468591, "type": "buy", "price": 244500, "amount": 0.00038}
{"tid": 11532868, "date": 1630468625, "type": "sell", "price": 244075.22338, "amount": 5.043e-05}
{"tid": 11532869, "date": 1630468637, "type": "buy", "price": 244499.99999, "amount": 0.00011089}
{"tid": 11532870, "date": 1630468637, "type": "buy", "price": 244500, "amount": 0.00331176}
{"tid": 11532871, "date": 1630468646, "type": "sell", "price": 244075.22352, "amount": 0.0024484}
{"tid": 11532872, "date": 1630468715, "type": "buy", "price": 244500, "amount": 0.00020069}
{"tid": 11532873, "date": 1630468720, "type": "sell", "price": 244069.9344, "amount": 0.00032671}
{"tid": 11532874, "date": 1630468840, "type": "sell", "price": 244097.31561, "amount": 0.02427613}
{"tid": 11532875, "date": 1630468887, "type": "sell", "price": 244108.3724, "amount": 0.00029337}
{"tid": 11532876, "date": 1630468897, "type": "buy", "price": 244499.99999, "amount": 0.00776486}
{"tid": 11532877, "date": 1630468908, "type": "sell", "price": 244112.58066, "amount": 6.001e-05}
{"tid": 11532878, "date": 1630468932, "type": "buy", "price": 244499.99999, "amount": 0.00040899}
{"tid": 11532879, "date": 1630468951, "type": "buy", "price": 244499.99999, "amount": 0.00081799}
{"tid": 11532880, "date": 1630468951, "type": "sell", "price": 244124.16353, "amount": 0.00036395}
{"tid": 11532881, "date": 1630468958, "type": "sell", "price": 244126.79372, "amount": 0.00243764}
{"tid": 11532882, "date": 1630468963, "type": "sell", "price": 244128.37183, "amount": 4.206e-05}
{"tid": 11532883, "date": 1630469032, "type": "buy", "price": 244499.99999, "amount": 0.00166543}
{"tid": 11532884, "date": 1630469040, "type": "buy", "price": 244499.99, "amount": 0.00044989}
{"tid": 11532885, "date": 1630469083, "type": "buy", "price": 244499.98999, "amount": 4.171e-05}
{"tid": 11532886, "date": 1630469158, "type": "buy", "price": 244499.98999, "amount": 0.00408997}
{"tid": 11532887, "date": 1630469172, "type": "sell", "price": 244193.0958, "amount": 0.00020099}
{"tid": 11532888, "date": 1630469272, "type": "buy", "price": 244499.99, "amount": 4.094e-05}
{"tid": 11532889, "date": 1630469318, "type": "sell", "price": 244499.98999, "amount": 0.00026068}
{"tid": 11532890, "date": 1630469343, "type": "buy", "price": 244499.99, "amount": 0.00466946}
{"tid": 11532891, "date": 1630469343, "type": "buy", "price": 244500, "amount": 0.07071546}
{"tid": 11532892, "date": 1630469343, "type": "buy", "price": 244500, "amount": 0.000954}
{"tid": 11532893, "date": 1630469343, "type": "buy", "price": 244521.09593, "amount": 0.05335976}
{"tid": 11532894, "date": 1630469358, "type": "sell", "price": 244501.57099, "amount": 0.00020965}
{"tid": 11532895, "date": 1630469408, "type": "buy", "price": 244521.09592, "amount": 0.00980898}
{"tid": 11532896, "date": 1630469408, "type": "buy", "price": 244521.09593, "amount": 0.00487039}
{"tid": 11532897, "date": 1630469425, "type": "buy", "price": 244523.19, "amount": 0.00357602}
{"tid": 11532898, "date": 1630469425, "type": "buy", "price": 244523.19, "amount": 0.00256415}
{"tid": 11532899, "date": 1630469466, "type": "buy", "price": 244670.95, "amount": 0.00010094}
{"tid": 11532900, "date": 1630469485, "type": "buy", "price": 244700, "amount": 0.00040866}
{"tid": 11532901, "date": 1630469487, "type": "buy", "price": 244700, "amount": 0.00040457}
{"tid": 11532902, "date": 1630469494, "type": "buy", "price": 244700, "amount": 0.00286064}
{"tid": 11532903, "date": 1630469507, "type": "buy", "price": 244700, "amount": 0.01132613}
{"tid": 11532904, "date": 1630469527, "type": "sell", "price": 244746.20259, "amount": 7.695e-05}
{"tid": 11532905, "date": 1630469543, "type": "buy", "price": 244942.33, "amount": 0.0005}
{"tid": 11532906, "date": 1630469543, "type": "buy", "price": 245000, "amount": 0.005}
{"tid": 11532907, "date": 1630469543, "type": "buy", "price": 245000, "amount": 0.00423615}
{"tid": 11532908, "date": 1630469600, "type": "sell", "price": 244999.77247, "amount": 0.0069092}
{"tid": 11532909, "date": 1630469651, "type": "buy", "price": 245000, "amount": 0.00874885}
{"tid": 11532910, "date": 1630469651, "type": "buy", "price": 245000, "amount": 0.0018925}
{"tid": 11532911, "date": 1630469679, "type": "sell", "price": 245181.33428, "amount": 0.00056}
{"tid": 11532912, "date": 1630469679, "type": "sell", "price": 245058.50182, "amount": 0.00024}
{"tid": 11532913, "date": 1630469707, "type": "buy", "price": 245181.51, "amount": 0.00077356}
{"tid": 11532914, "date": 1630469707, "type": "buy", "price": 245181.53, "amount": 0.0003373}
{"tid": 11532915, "date": 1630469707, "type": "buy", "price": 245499, "amount": 0.00274612}
{"tid": 11532916, "date": 1630469707, "type": "buy", "price": 245667.29, "amount": 0.00119917}
{"tid": 11532917, "date": 1630469707, "type": "buy", "price": 245668.35, "amount": 0.00098041}
{"tid": 11532918, "date": 1630469707, "type": "buy", "price": 245938.45, "amount": 8.978e-05}
{"tid": 11532919, "date": 1630469707, "type": "buy", "price": 246000, "amount": 0.02640624}
{"tid": 11532920, "date": 1630469768, "type": "sell", "price": 245476.74255, "amount": 0.0008}
{"tid": 11532921, "date": 1630469796, "type": "buy", "price": 245999.99793, "amount": 0.0004065}
{"tid": 11532922, "date": 1630469869, "type": "buy", "price": 245999.99137, "amount": 0.00039334}
{"tid": 11532923, "date": 1630469869, "type": "buy", "price": 245999.99138, "amount": 0.00317068}
{"tid": 11532924, "date": 1630470030, "type": "buy", "price": 245909.99523, "amount": 0.00051238}
{"tid": 11532925, "date": 1630470202, "type": "buy", "price": 245909.99315, "amount": 0.00012183}
{"tid": 11532926, "date": 1630470381, "type": "sell", "price": 245484.63, "amount": 0.0003238}
{"tid": 11532927, "date": 1630470474, "type": "buy", "price": 245808.09859, "amount": 0.02938836}
{"tid": 11532928, "date": 1630470474, "type": "buy", "price": 245808.1, "amount": 0.01575889}
{"tid": 11532929, "date": 1630470497, "type": "buy", "price": 245768.8, "amount": 0.00127416}
{"tid": 11532930, "date": 1630470549, "type": "buy", "price": 245749.2, "amount": 0.00091324}
{"tid": 11532931, "date": 1630470837, "type": "buy", "price": 245922.7, "amount": 8.649e-05}
{"tid": 11532932, "date": 1630470876, "type": "sell", "price": 245759.2, "amount": 0.0016276}
{"tid": 11532933, "date": 1630470876, "type": "sell", "price": 245484.63, "amount": 0.01688949}
{"tid": 11532934, "date": 1630470876, "type": "sell", "price": 245079.97803, "amount": 0.00348291}
{"tid": 11532935, "date": 1630470897, "type": "buy", "price": 245757.39999, "amount": 0.00015608}
{"tid": 11532936, "date": 1630470974, "type": "buy", "price": 245609.79999, "amount": 0.00114751}
{"tid": 11532937, "date": 1630471134, "type": "buy", "price": 245313.19999, "amount": 0.00039142}
{"tid": 11532938, "date": 1630471149, "type": "buy", "price": 245313.19999, "amount": 0.00178721}
{"tid": 11532939, "date": 1630471149, "type": "buy", "price": 245313.2, "amount": 0.01872738}
{"tid": 11532940, "date": 1630471167, "type": "buy", "price": 245254.7, "amount": 0.03702864}
{"tid": 11532941, "date": 1630471207, "type": "buy", "price": 245191.8, "amount": 4.078e-05}
{"tid": 11532942, "date": 1630471375, "type": "buy", "price": 245191.8, "amount": 0.00014274}
{"tid": 11532943, "date": 1630471422, "type": "buy", "price": 245191.8, "amount": 0.00020392}
{"tid": 11532944, "date": 1630471447, "type": "buy", "price": 245191.8, "amount": 0.00165334}
{"tid": 11532945, "date": 1630471447, "type": "buy", "price": 245191.8, "amount": 0.00242509}
{"tid": 11532946, "date": 1630471455, "type": "buy", "price": 245191.8, "amount": 4.078e-05}
{"tid": 11532947, "date": 1630471613, "type": "buy", "price": 245191.8, "amount": 0.00032627}
{"tid": 11532948, "date": 1630471627, "type": "buy", "price": 245191.8, "amount": 0.00020392}
{"tid": 11532949, "date": 1630471659, "type": "sell", "price": 244814.0602, "amount": 0.00307313}
{"tid": 11532950, "date": 1630471676, "type": "sell", "price": 244818.26862, "amount": 3.974e-05}
{"tid": 11532951, "date": 1630471775, "type": "buy", "price": 245191.8, "amount": 0.00084138}
{"tid": 11532952, "date": 1630471820, "type": "buy", "price": 245191.8, "amount": 0.00040784}
{"tid": 11532953, "date": 1630471828, "type": "buy", "price": 245191.8, "amount": 0.00864922}
{"tid": 11532954, "date": 1630471833, "type": "buy", "price": 245191.8, "amount": 0.0010196}
{"tid": 11532955, "date": 1630471995, "type": "buy", "price": 245191.8, "amount": 0.00084831}
{"tid": 11532956, "date": 1630472057, "type": "buy", "price": 245191.8, "amount": 0.00195406}
{"tid": 11532957, "date": 1630472058, "type": "sell", "price": 245191.79, "amount": 2.948e-05}
{"tid": 11532958, "date": 1630472107, "type": "sell", "price": 245191.79, "amount": 0.00022796}
{"tid": 11532959, "date": 1630472142, "type": "sell", "price": 245191.79, "amount": 0.00029869}
{"tid": 11532960, "date": 1630472204, "type": "sell", "price": 245191.79, "amount": 0.00048281}
{"tid": 11532961, "date": 1630472210, "type": "buy", "price": 245191.8, "amount": 0.0003589}
{"tid": 11532962, "date": 1630472557, "type": "sell", "price": 245191.79, "amount": 6.879e-05}
{"tid": 11532963, "date": 1630472557, "type": "sell", "price": 245191.79, "amount": 0.00142745}
{"tid": 11532964, "date": 1630472557, "type": "sell", "price": 245060.12798, "amount": 0.00013599}
{"tid": 11532965, "date": 1630472682, "type": "buy", "price": 245191.79999, "amount": 0.00013597}
{"tid": 11532966, "date": 1630472682, "type": "buy", "price": 245191.8, "amount": 0.00137305}
{"tid": 11532967, "date": 1630472773, "type": "sell", "price": 245000, "amount": 5.088e-05}
{"tid": 11532968, "date": 1630472809, "type": "sell", "price": 245000, "amount": 0.00569023}
{"tid": 11532969, "date": 1630472870, "type": "buy", "price": 245191.8, "amount": 0.00053019}
{"tid": 11532970, "date": 1630472931, "type": "sell", "price": 245006.31239, "amount": 0.00017271}
{"tid": 11532971, "date": 1630472943, "type": "buy", "price": 245191.8, "amount": 8.817e-05}
{"tid": 11532972, "date": 1630472992, "type": "buy", "price": 245191.8, "amount": 0.0024958}
{"tid": 11532973, "date": 1630473112, "type": "buy", "price": 245191.8, "amount": 4.078e-05}
{"tid": 11532974, "date": 1630473216, "type": "buy", "price": 245191.8, "amount": 0.00243}
{"tid": 11532975, "date": 1630473236, "type": "sell", "price": 245135.66797, "amount": 0.00050851}
{"tid": 11532976, "date": 1630473238, "type": "buy", "price": 245191.8, "amount": 0.00242}
{"tid": 11532977, "date": 1630473266, "type": "buy", "price": 245191.8, "amount": 0.01711525}
{"tid": 11532978, "date": 1630473349, "type": "buy", "price": 245191.8, "amount": 0.05643139}
{"tid": 11532979, "date": 1630473349, "type": "buy", "price": 245191.8, "amount": 0.02407401}
{"tid": 11532980, "date": 1630473365, "type": "buy", "price": 245191.8, "amount": 0.01794176}
{"tid": 11532981, "date": 1630473505, "type": "sell", "price": 245783.99219, "amount": 0.00096721}
{"tid": 11532982, "date": 1630473702, "type": "buy", "price": 245996.30756, "amount": 0.00024118}
{"tid": 11532983, "date": 1630473737, "type": "buy", "price": 245995.7812, "amount": 0.00096702}
{"tid": 11532984, "date": 1630473737, "type": "buy", "price": 245999.99, "amount": 0.0005978}
{"tid": 11532985, "date": 1630473737, "type": "buy", "price": 246000, "amount": 0.00258926}
{"tid": 11532986, "date": 1630473784, "type": "buy", "price": 245994.20059, "amount": 0.01155897}
{"tid": 11532987, "date": 1630473889, "type": "buy", "price": 245999.47395, "amount": 0.00040654}
{"tid": 11532988, "date": 1630473896, "type": "sell", "price": 245604.37803, "amount": 3.922e-05}
{"tid": 11532989, "date": 1630473941, "type": "buy", "price": 245999.47395, "amount": 8.13e-05}
{"tid": 11532990, "date": 1630474075, "type": "sell", "price": 245999.47, "amount": 0.00086585}
{"tid": 11532991, "date": 1630474075, "type": "sell", "price": 245414.67809, "amount": 0.02780544}
{"tid": 11532992, "date": 1630474147, "type": "buy", "price": 245999.4733, "amount": 0.0021739}
{"tid": 11532993, "date": 1630474185, "type": "sell", "price": 245419.94226, "amount": 0.022}
{"tid": 11532994, "date": 1630474311, "type": "buy", "price": 245999.47033, "amount": 0.0004065}
{"tid": 11532995, "date": 1630474329, "type": "sell", "price": 245999.47, "amount": 0.01215876}
{"tid": 11532996, "date": 1630474499, "type": "buy", "price": 245999.45939, "amount": 0.00010162}
{"tid": 11532997, "date": 1630474509, "type": "sell", "price": 245586.46107, "amount": 0.0002395}
{"tid": 11532998, "date": 1630474511, "type": "buy", "price": 245999.45933, "amount": 0.00080487}
{"tid": 11532999, "date": 1630475015, "type": "buy", "price": 245999.45, "amount": 0.00012195}
{"tid": 11533000, "date": 1630475295, "type": "buy", "price": 245999.45, "amount": 4.878e-05}
{"tid": 11533001, "date": 1630475339, "type": "sell", "price": 245977.90598, "amount": 0.00097761}
{"tid": 11533002, "date": 1630475344, "type": "sell", "price": 245993.8, "amount": 0.00324273}
{"tid": 11533003, "date": 1630475377, "type": "buy", "price": 245999.45, "amount": 3.186e-05}
{"tid": 11533004, "date": 1630475377, "type": "buy", "price": 245999.45, "amount": 2.911e-05}
{"tid": 11533005, "date": 1630475486, "type": "buy", "price": 245999.45, "amount": 0.00148703}
{"tid": 11533006, "date": 1630475580, "type": "buy", "price": 245999.45, "amount": 0.00015512}
{"tid": 11533007, "date": 1630475613, "type": "sell", "price": 245999.05998, "amount": 0.00015404}
{"tid": 11533008, "date": 1630475723, "type": "buy", "price": 245999.45, "amount": 5.337e-05}
{"tid": 11533009, "date": 1630475724, "type": "buy", "price": 245999.45, "amount": 0.00019918}
{"tid": 11533010, "date": 1630475784, "type": "buy", "price": 245999.45, "amount": 0.0004065}
{"tid": 11533011, "date": 1630475949, "type": "buy", "price": 245999.44999, "amount": 0.00020325}
{"tid": 11533012, "date": 1630476084, "type": "buy", "price": 245999.44999, "amount": 0.0006504}
{"tid": 11533013, "date": 1630476085, "type": "sell", "price": 245999.05998, "amount": 0.00202129}
{"tid": 11533014, "date": 1630476147, "type": "sell", "price": 245999.05998, "amount": 0.0007976}
{"tid": 11533015, "date": 1630476257, "type": "buy", "price": 245999.44999, "amount": 0.00406504}
{"tid": 11533016, "date": 1630476288, "type": "sell", "price": 245999.44, "amount": 0.0002304}
{"tid": 11533017, "date": 1630476288, "type": "sell", "price": 245999.05998, "amount": 0.00227692}
{"tid": 11533018, "date": 1630476309, "type": "buy", "price": 245999.44999, "amount": 0.00090719}
{"tid": 11533019, "date": 1630476314, "type": "buy", "price": 245999.44999, "amount": 8.13e-05}
{"tid": 11533020, "date": 1630476425, "type": "buy", "price": 245999.44999, "amount": 0.02039906}
{"tid": 11533021, "date": 1630476463, "type": "sell", "price": 245999.05, "amount": 8e-05}
{"tid": 11533022, "date": 1630476470, "type": "buy", "price": 245999.03999, "amount": 0.00032149}
{"tid": 11533023, "date": 1630476470, "type": "buy", "price": 245999.04, "amount": 0.00014971}
{"tid": 11533024, "date": 1630476470, "type": "buy", "price": 245999.45, "amount": 0.00078896}
{"tid": 11533025, "date": 1630476511, "type": "buy", "price": 245999.45, "amount": 0.00020325}
{"tid": 11533026, "date": 1630476529, "type": "sell", "price": 245878.73757, "amount": 5.133e-05}
{"tid": 11533027, "date": 1630476655, "type": "sell", "price": 245933.13006, "amount": 9.168e-05}
{"tid": 11533028, "date": 1630476657, "type": "buy", "price": 245999.45, "amount": 0.00012195}
{"tid": 11533029, "date": 1630476729, "type": "sell", "price": 245933.13006, "amount": 9.168e-05}
{"tid": 11533030, "date": 1630476873, "type": "buy", "price": 245999.44999, "amount": 0.00014}
{"tid": 11533031, "date": 1630477071, "type": "sell", "price": 245933.13006, "amount": 0.04101}
{"tid": 11533032, "date": 1630477079, "type": "sell", "price": 245933.13006, "amount": 0.01813428}
{"tid": 11533033, "date": 1630477079, "type": "sell", "price": 245876.1, "amount": 0.02287572}
{"tid": 11533034, "date": 1630477088, "type": "sell", "price": 245818.40001, "amount": 0.00014008}
{"tid": 11533035, "date": 1630477088, "type": "sell", "price": 245818.4, "amount": 0.1835}
{"tid": 11533036, "date": 1630477088, "type": "sell", "price": 245572.2, "amount": 0.02153992}
{"tid": 11533037, "date": 1630477228, "type": "buy", "price": 245999.44999, "amount": 0.00020325}
{"tid": 11533038, "date": 1630477335, "type": "buy", "price": 245999.45, "amount": 0.0004065}
{"tid": 11533039, "date": 1630477363, "type": "sell", "price": 245746.40495, "amount": 4.648e-05}
{"tid": 11533040, "date": 1630477422, "type": "buy", "price": 245999.45, "amount": 0.00022869}
{"tid": 11533041, "date": 1630477479, "type": "sell", "price": 245746.40495, "amount": 0.00015694}
{"tid": 11533042, "date": 1630477479, "type": "sell", "price": 245746.4, "amount": 0.0041797}
{"tid": 11533043, "date": 1630477618, "type": "sell", "price": 245749.6027, "amount": 0.00041329}
{"tid": 11533044, "date": 1630478052, "type": "buy", "price": 245849.6, "amount": 0.000205}
{"tid": 11533045, "date": 1630478186, "type": "buy", "price": 245849.59955, "amount": 0.05936732}
{"tid": 11533046, "date": 1630478186, "type": "buy", "price": 245849.59956, "amount": 0.02189398}
{"tid": 11533047, "date": 1630478186, "type": "buy", "price": 245849.6, "amount": 0.00145022}
{"tid": 11533048, "date": 1630478360, "type": "buy", "price": 245999.44999, "amount": 0.01962906}
{"tid": 11533049, "date": 1630478620, "type": "buy", "price": 245999.45, "amount": 0.02412541}
{"tid": 11533050, "date": 1630478620, "type": "buy", "price": 245999.45, "amount": 0.0009}
{"tid": 11533051, "date": 1630478620, "type": "buy", "price": 245999.47395, "amount": 0.00285216}
{"tid": 11533052, "date": 1630478620, "type": "buy", "price": 246000, "amount": 0.0203045}
{"tid": 11533053, "date": 1630478620, "type": "buy", "price": 246000, "amount": 0.0001553}
{"tid": 11533054, "date": 1630478620, "type": "buy", "price": 246000, "amount": 0.0005}
{"tid": 11533055, "date": 1630478631, "type": "sell", "price": 246050.00001, "amount": 0.0593071}
{"tid": 11533056, "date": 1630478631, "type": "sell", "price": 246050, "amount": 0.99358912}
{"tid": 11533057, "date": 1630478662, "type": "sell", "price": 246000, "amount": 0.0802}
{"tid": 11533058, "date": 1630478813, "type": "buy", "price": 246199.99999, "amount": 4.861e-05}
{"tid": 11533059, "date": 1630478888, "type": "sell", "price": 246054.26945, "amount": 0.0077224}
{"tid": 11533060, "date": 1630478943, "type": "buy", "price": 246200, "amount": 4.08e-05}
{"tid": 11533061, "date": 1630478943, "type": "buy", "price": 246230, "amount": 0.00018672}
{"tid": 11533062, "date": 1630478943, "type": "buy", "price": 246300.8, "amount": 0.00080857}
{"tid": 11533063, "date": 1630478943, "type": "buy", "price": 246398.28, "amount": 0.00099362}
{"tid": 11533064, "date": 1630478962, "type": "sell", "price": 246108.61874, "amount": 0.00022709}
{"tid": 11533065, "date": 1630479056, "type": "sell", "price": 246108.60004, "amount": 6.691e-05}
{"tid": 11533066, "date": 1630479291, "type": "buy", "price": 246398.28, "amount": 0.00040584}
{"tid": 11533067, "date": 1630479339, "type": "sell", "price": 246000.04163, "amount": 0.00025362}
{"tid": 11533068, "date": 1630479426, "type": "sell", "price": 246000.11835, "amount": 0.00064765}
{"tid": 11533069, "date": 1630479582, "type": "sell", "price": 246398.26, "amount": 0.00015}
{"tid": 11533070, "date": 1630479690, "type": "buy", "price": 246398.27, "amount": 0.0001}
{"tid": 11533071, "date": 1630479994, "type": "buy", "price": 246398.26, "amount": 7.524e-05}
{"tid": 11533072, "date": 1630480095, "type": "buy", "price": 246398.26, "amount": 0.00098584}
{"tid": 11533073, "date": 1630480222, "type": "buy", "price": 246398.27, "amount": 0.0001}
{"tid": 11533074, "date": 1630480310, "type": "sell", "price": 246398.26, "amount": 0.0008934}
{"tid": 11533075, "date": 1630480641, "type": "buy", "price": 246398.27, "amount": 0.00013333}
{"tid": 11533076, "date": 1630480641, "type": "buy", "price": 246398.28, "amount": 8.213e-05}
{"tid": 11533077, "date": 1630480653, "type": "sell", "price": 246398.26, "amount": 0.00014387}
{"tid": 11533078, "date": 1630480675, "type": "buy", "price": 246398.28, "amount": 0.00021542}
{"tid": 11533079, "date": 1630480721, "type": "sell", "price": 246398.26, "amount": 0.00413146}
{"tid": 11533080, "date": 1630480787, "type": "buy", "price": 246398.28, "amount": 0.00028857}
{"tid": 11533081, "date": 1630480921, "type": "sell", "price": 246398.26, "amount": 0.000723}
{"tid": 11533082, "date": 1630481002, "type": "buy", "price": 246398.28, "amount": 0.00011342}
{"tid": 11533083, "date": 1630481002, "type": "buy", "price": 246398.28, "amount": 6.903e-05}
{"tid": 11533084, "date": 1630481002, "type": "buy", "price": 246500, "amount": 0.00022233}
{"tid": 11533085, "date": 1630481034, "type": "buy", "price": 246500, "amount": 0.00027383}
{"tid": 11533086, "date": 1630481083, "type": "sell", "price": 246398.26003, "amount": 0.0527}
{"tid": 11533087, "date": 1630481083, "type": "sell", "price": 246398.26, "amount": 0.05934609}
{"tid": 11533088, "date": 1630481158, "type": "sell", "price": 246398.26, "amount": 0.03726679}
{"tid": 11533089, "date": 1630481158, "type": "sell", "price": 246225, "amount": 0.00367321}
{"tid": 11533090, "date": 1630481230, "type": "sell", "price": 246000.81015, "amount": 0.0609754}
{"tid": 11533091, "date": 1630481230, "type": "sell", "price": 246000.81004, "amount": 0.0210446}
{"tid": 11533092, "date": 1630481238, "type": "sell", "price": 246000.81, "amount": 0.00099999}
{"tid": 11533093, "date": 1630481238, "type": "sell", "price": 246000.15, "amount": 0.0021}
{"tid": 11533094, "date": 1630481238, "type": "sell", "price": 246000, "amount": 0.01741001}
{"tid": 11533095, "date": 1630481245, "type": "sell", "price": 246000, "amount": 0.00205}
{"tid": 11533096, "date": 1630481261, "type": "sell", "price": 246000.00004, "amount": 0.00205}
{"tid": 11533097, "date": 1630481276, "type": "sell", "price": 246000, "amount": 0.00033999}
{"tid": 11533098, "date": 1630481276, "type": "sell", "price": 246000, "amount": 0.00020325}
{"tid": 11533099, "date": 1630481276, "type": "sell", "price": 245849.59, "amount": 0.0008061}
{"tid": 11533100, "date": 1630481276, "type": "sell", "price": 245760.8, "amount": 0.00070066}
{"tid": 11533101, "date": 1630481357, "type": "sell", "price": 245813.1, "amount": 3e-05}
{"tid": 11533102, "date": 1630481381, "type": "sell", "price": 245818.20005, "amount": 0.00205}
{"tid": 11533103, "date": 1630481498, "type": "sell", "price": 245746.4, "amount": 7.568e-05}
{"tid": 11533104, "date": 1630481615, "type": "sell", "price": 245746.4, "amount": 0.00010666}
{"tid": 11533105, "date": 1630481615, "type": "sell", "price": 245195.9, "amount": 1.443e-05}
{"tid": 11533106, "date": 1630481696, "type": "sell", "price": 245335, "amount": 0.0002038}
{"tid": 11533107, "date": 1630481745, "type": "sell", "price": 245320.14015, "amount": 0.0007668}
{"tid": 11533108, "date": 1630481955, "type": "buy", "price": 246108.99863, "amount": 0.00013335}
{"tid": 11533109, "date": 1630482193, "type": "buy", "price": 246108.95507, "amount": 0.00101581}
{"tid": 11533110, "date": 1630482232, "type": "sell", "price": 245283.70039, "amount": 0.00013377}
{"tid": 11533111, "date": 1630482232, "type": "sell", "price": 245283.70038, "amount": 0.00106781}
{"tid": 11533112, "date": 1630482232, "type": "sell", "price": 245283.7, "amount": 0.00439185}
{"tid": 11533113, "date": 1630482266, "type": "sell", "price": 245000.00005, "amount": 0.01}
{"tid": 11533114, "date": 1630482308, "type": "buy", "price": 245812.69786, "amount": 0.00742288}
{"tid": 11533115, "date": 1630482413, "type": "buy", "price": 245812.69452, "amount": 0.00040579}
{"tid": 11533116, "date": 1630482451, "type": "buy", "price": 245812.69279, "amount": 4.068e-05}
{"tid": 11533117, "date": 1630482549, "type": "sell", "price": 245000.00005, "amount": 0.0541}
{"tid": 11533118, "date": 1630482549, "type": "sell", "price": 245000, "amount": 0.00842117}
{"tid": 11533119, "date": 1630482549, "type": "sell", "price": 245000, "amount": 0.019}
{"tid": 11533120, "date": 1630482549, "type": "sell", "price": 244785.4, "amount": 0.00084883}
{"tid": 11533121, "date": 1630482603, "type": "buy", "price": 245668.59764, "amount": 0.05025}
{"tid": 11533122, "date": 1630482603, "type": "buy", "price": 245668.5977, "amount": 0.05499116}
{"tid": 11533123, "date": 1630482610, "type": "buy", "price": 245668.55276, "amount": 0.00020352}
{"tid": 11533124, "date": 1630482672, "type": "sell", "price": 244866.7623, "amount": 0.00867388}
{"tid": 11533125, "date": 1630482735, "type": "sell", "price": 245014.70018, "amount": 0.0501}
{"tid": 11533126, "date": 1630482735, "type": "sell", "price": 245014.70013, "amount": 0.00272981}
{"tid": 11533127, "date": 1630482761, "type": "buy", "price": 245816.91779, "amount": 0.0004068}
{"tid": 11533128, "date": 1630482777, "type": "buy", "price": 245816.91734, "amount": 0.00027662}
{"tid": 11533129, "date": 1630482872, "type": "sell", "price": 245161.80001, "amount": 0.0004078}
{"tid": 11533130, "date": 1630482872, "type": "sell", "price": 245161.8, "amount": 0.1835}
{"tid": 11533131, "date": 1630482872, "type": "sell", "price": 245161.8, "amount": 0.0218022}
{"tid": 11533132, "date": 1630482905, "type": "buy", "price": 245816.90582, "amount": 0.0002034}
{"tid": 11533133, "date": 1630482921, "type": "sell", "price": 245161.8, "amount": 0.00019776}
{"tid": 11533134, "date": 1630483499, "type": "buy", "price": 245161.79, "amount": 5.638e-05}
{"tid": 11533135, "date": 1630483743, "type": "sell", "price": 245674.40232, "amount": 0.00499999}
{"tid": 11533136, "date": 1630483773, "type": "sell", "price": 245674.4, "amount": 0.0003549}
{"tid": 11533137, "date": 1630484140, "type": "buy", "price": 246108.97945, "amount": 0.00032505}
{"tid": 11533138, "date": 1630484353, "type": "sell", "price": 245874.10248, "amount": 0.00848791}
{"tid": 11533139, "date": 1630484448, "type": "sell", "price": 245874.10296, "amount": 0.0003253}
{"tid": 11533140, "date": 1630484448, "type": "sell", "price": 245855.90394, "amount": 0.00136803}
{"tid": 11533141, "date": 1630484470, "type": "buy", "price": 246108.97945, "amount": 0.0101581}
{"tid": 11533142, "date": 1630484616, "type": "buy", "price": 246108.97865, "amount": 0.00040632}
{"tid": 11533143, "date": 1630484636, "type": "buy", "price": 246108.97808, "amount": 6.094e-05}
{"tid": 11533144, "date": 1630484860, "type": "buy", "price": 246108.97256, "amount": 0.02364753}
{"tid": 11533145, "date": 1630485225, "type": "sell", "price": 245517.72482, "amount": 0.01018052}
{"tid": 11533146, "date": 1630485225, "type": "sell", "price": 245517.72481, "amount": 0.03032166}
{"tid": 11533147, "date": 1630485225, "type": "sell", "price": 245353.9, "amount": 0.02427966}
{"tid": 11533148, "date": 1630485505, "type": "sell", "price": 245579.90546, "amount": 0.02254063}
{"tid": 11533149, "date": 1630485518, "type": "buy", "price": 246108.9231, "amount": 4.063e-05}
{"tid": 11533150, "date": 1630485528, "type": "sell", "price": 245579.90546, "amount": 6.05e-05}
{"tid": 11533151, "date": 1630485575, "type": "buy", "price": 246108.92151, "amount": 4.063e-05}
{"tid": 11533152, "date": 1630485631, "type": "buy", "price": 246108.92, "amount": 0.01252479}
{"tid": 11533153, "date": 1630485645, "type": "sell", "price": 245579.9, "amount": 0.00883265}
{"tid": 11533154, "date": 1630485646, "type": "sell", "price": 245579.9, "amount": 0.00066638}
{"tid": 11533155, "date": 1630485691, "type": "buy", "price": 246108.91807, "amount": 0.00896696}
{"tid": 11533156, "date": 1630485722, "type": "buy", "price": 246108.89273, "amount": 0.00010158}
{"tid": 11533157, "date": 1630485834, "type": "sell", "price": 245579.9, "amount": 0.00039}
{"tid": 11533158, "date": 1630485893, "type": "buy", "price": 246032.67627, "amount": 0.00203225}
{"tid": 11533159, "date": 1630485982, "type": "sell", "price": 245579.9, "amount": 0.00034059}
{"tid": 11533160, "date": 1630486006, "type": "buy", "price": 246032.54358, "amount": 4.064e-05}
{"tid": 11533161, "date": 1630486158, "type": "sell", "price": 245579.9, "amount": 8.38e-05}
{"tid": 11533162, "date": 1630486158, "type": "sell", "price": 245579.8999, "amount": 0.00067832}
{"tid": 11533163, "date": 1630486190, "type": "buy", "price": 246032.40489, "amount": 0.00156979}
{"tid": 11533164, "date": 1630486252, "type": "buy", "price": 246032.40331, "amount": 0.00049107}
{"tid": 11533165, "date": 1630486256, "type": "sell", "price": 245579.8999, "amount": 0.00018181}
{"tid": 11533166, "date": 1630486324, "type": "buy", "price": 246032.40311, "amount": 0.00595454}
{"tid": 11533167, "date": 1630486352, "type": "sell", "price": 245649.62254, "amount": 0.00020907}
{"tid": 11533168, "date": 1630486383, "type": "sell", "price": 245649.6308, "amount": 0.00984406}
{"tid": 11533169, "date": 1630486507, "type": "sell", "price": 245690.03132, "amount": 0.02019549}
{"tid": 11533170, "date": 1630486513, "type": "sell", "price": 245690.03627, "amount": 0.0502}
{"tid": 11533171, "date": 1630486513, "type": "sell", "price": 245690.03623, "amount": 0.0498}
{"tid": 11533172, "date": 1630486550, "type": "sell", "price": 245690.04233, "amount": 0.00020253}
{"tid": 11533173, "date": 1630486705, "type": "buy", "price": 246032.40311, "amount": 4.064e-05}
{"tid": 11533174, "date": 1630486792, "type": "buy", "price": 246032.40311, "amount": 0.0004021}
{"tid": 11533175, "date": 1630486810, "type": "buy", "price": 246032.40311, "amount": 0.00629998}
{"tid": 11533176, "date": 1630486859, "type": "buy", "price": 246032.40311, "amount": 8.129e-05}
{"tid": 11533177, "date": 1630486920, "type": "buy", "price": 246499.99976, "amount": 0.00015744}
{"tid": 11533178, "date": 1630486942, "type": "sell", "price": 246129.60186, "amount": 0.01310018}
{"tid": 11533179, "date": 1630486942, "type": "sell", "price": 246032.4, "amount": 0.00085354}
{"tid": 11533180, "date": 1630486942, "type": "sell", "price": 245690, "amount": 0.19093628}
{"tid": 11533181, "date": 1630486982, "type": "sell", "price": 245878.70072, "amount": 0.02992527}
{"tid": 11533182, "date": 1630486982, "type": "buy", "price": 246499.99859, "amount": 0.00020194}
{"tid": 11533183, "date": 1630487049, "type": "buy", "price": 246499.99715, "amount": 0.00055817}
{"tid": 11533184, "date": 1630487070, "type": "sell", "price": 245878.70002, "amount": 0.00076188}
{"tid": 11533185, "date": 1630487070, "type": "sell", "price": 245878.7, "amount": 0.01960328}
{"tid": 11533186, "date": 1630487114, "type": "sell", "price": 245800, "amount": 0.00485565}
{"tid": 11533187, "date": 1630487114, "type": "sell", "price": 245784.20185, "amount": 0.01364435}
{"tid": 11533188, "date": 1630487167, "type": "sell", "price": 245784.20185, "amount": 0.01119784}
{"tid": 11533189, "date": 1630487235, "type": "buy", "price": 246499.9923, "amount": 0.00081135}
{"tid": 11533190, "date": 1630487273, "type": "sell", "price": 246499.99, "amount": 0.05455643}
{"tid": 11533191, "date": 1630487273, "type": "sell", "price": 245932.20274, "amount": 0.00081306}
{"tid": 11533192, "date": 1630487273, "type": "sell", "price": 245932.20273, "amount": 0.02656051}
{"tid": 11533193, "date": 1630487282, "type": "sell", "price": 246499.99, "amount": 0.0331688}
{"tid": 11533194, "date": 1630487282, "type": "sell", "price": 245932.20273, "amount": 0.0077912}
{"tid": 11533195, "date": 1630487284, "type": "buy", "price": 246499.99157, "amount": 0.00081135}
{"tid": 11533196, "date": 1630487286, "type": "buy", "price": 246499.99154, "amount": 0.00040567}
{"tid": 11533197, "date": 1630487334, "type": "buy", "price": 246499.99123, "amount": 0.00405679}
{"tid": 11533198, "date": 1630487336, "type": "sell", "price": 245932.20274, "amount": 0.00018477}
{"tid": 11533199, "date": 1630487386, "type": "buy", "price": 246499.99123, "amount": 0.00040567}
{"tid": 11533200, "date": 1630487459, "type": "sell", "price": 246080.95619, "amount": 0.00311906}
{"tid": 11533201, "date": 1630487460, "type": "buy", "price": 246499.99123, "amount": 0.00025456}
{"tid": 11533202, "date": 1630487513, "type": "sell", "price": 246493.9, "amount": 0.08300594}
{"tid": 11533203, "date": 1630487585, "type": "buy", "price": 246499.99123, "amount": 0.00306592}
{"tid": 11533204, "date": 1630487675, "type": "buy", "price": 246499.98927, "amount": 8.458e-05}
{"tid": 11533205, "date": 1630487721, "type": "sell", "price": 246133.10286, "amount": 0.00530236}
{"tid": 11533206, "date": 1630487721, "type": "sell", "price": 246133.10285, "amount": 0.00026889}
{"tid": 11533207, "date": 1630487746, "type": "sell", "price": 246133.10285, "amount": 0.00064234}
{"tid": 11533208, "date": 1630487748, "type": "buy", "price": 246499.98751, "amount": 4.056e-05}
{"tid": 11533209, "date": 1630487802, "type": "buy", "price": 246499.9874, "amount": 0.00121703}
{"tid": 11533210, "date": 1630487910, "type": "sell", "price": 246263.37302, "amount": 0.00029422}
{"tid": 11533211, "date": 1630487924, "type": "buy", "price": 246499.98996, "amount": 0.00041099}
{"tid": 11533212, "date": 1630487978, "type": "buy", "price": 246499.99, "amount": 0.0009578}
{"tid": 11533213, "date": 1630488001, "type": "buy", "price": 246499.99, "amount": 0.00024324}
{"tid": 11533214, "date": 1630488089, "type": "buy", "price": 246499.99, "amount": 0.00011237}
{"tid": 11533215, "date": 1630488150, "type": "sell", "price": 246277.10689, "amount": 0.00092369}
{"tid": 11533216, "date": 1630488150, "type": "sell", "price": 246277.10688, "amount": 0.28428695}
{"tid": 11533217, "date": 1630488200, "type": "sell", "price": 246281.33663, "amount": 0.00624795}
{"tid": 11533218, "date": 1630488209, "type": "sell", "price": 246281.34712, "amount": 0.00051328}
{"tid": 11533219, "date": 1630488229, "type": "sell", "price": 246281.37188, "amount": 0.07359349}
{"tid": 11533220, "date": 1630488262, "type": "buy", "price": 246499.99, "amount": 0.00067286}
{"tid": 11533221, "date": 1630488262, "type": "buy", "price": 246500, "amount": 0.00338393}
{"tid": 11533222, "date": 1630488298, "type": "buy", "price": 246499.98, "amount": 0.003925}
{"tid": 11533223, "date": 1630488298, "type": "buy", "price": 246500, "amount": 0.00182263}
{"tid": 11533224, "date": 1630488372, "type": "sell", "price": 246502.63301, "amount": 0.00026239}
{"tid": 11533225, "date": 1630488372, "type": "sell", "price": 246500.00299, "amount": 0.02675358}
{"tid": 11533226, "date": 1630488379, "type": "sell", "price": 246500.00299, "amount": 0.00468596}
{"tid": 11533227, "date": 1630488417, "type": "buy", "price": 246587, "amount": 0.00016044}
{"tid": 11533228, "date": 1630488417, "type": "buy", "price": 246900, "amount": 0.00023312}
{"tid": 11533229, "date": 1630488459, "type": "buy", "price": 246899.99997, "amount": 0.00031838}
{"tid": 11533230, "date": 1630488465, "type": "sell", "price": 246771.90114, "amount": 0.00412}
{"tid": 11533231, "date": 1630488470, "type": "sell", "price": 246771.90114, "amount": 0.00018425}
{"tid": 11533232, "date": 1630488487, "type": "buy", "price": 246899.98997, "amount": 0.00020251}
{"tid": 11533233, "date": 1630488496, "type": "sell", "price": 246771.90114, "amount": 0.00218898}
{"tid": 11533234, "date": 1630488616, "type": "buy", "price": 246899.99, "amount": 0.00040502}
{"tid": 11533235, "date": 1630488690, "type": "buy", "price": 246899.99, "amount": 0.00057613}
{"tid": 11533236, "date": 1630488690, "type": "buy", "price": 246900, "amount": 0.00049753}
{"tid": 11533237, "date": 1630488690, "type": "buy", "price": 246900, "amount": 1.55e-06}
{"tid": 11533238, "date": 1630488713, "type": "buy", "price": 246899.47393, "amount": 0.00040502}
{"tid": 11533239, "date": 1630488726, "type": "buy", "price": 246898.94785, "amount": 4.05e-05}
{"tid": 11533240, "date": 1630488769, "type": "buy", "price": 246899.47396, "amount": 4.05e-05}
{"tid": 11533241, "date": 1630488784, "type": "buy", "price": 246899.47396, "amount": 0.00043246}
{"tid": 11533242, "date": 1630488801, "type": "buy", "price": 246899.47396, "amount": 0.0021158}
{"tid": 11533243, "date": 1630488807, "type": "buy", "price": 246899.47396, "amount": 2e-05}
{"tid": 11533244, "date": 1630488840, "type": "buy", "price": 246899.47396, "amount": 0.00019789}
{"tid": 11533245, "date": 1630488856, "type": "buy", "price": 246899.47396, "amount": 4.09e-05}
{"tid": 11533246, "date": 1630488892, "type": "buy", "price": 246899.47396, "amount": 0.00031223}
{"tid": 11533247, "date": 1630488913, "type": "buy", "price": 246899.47396, "amount": 0.00309022}
{"tid": 11533248, "date": 1630488913, "type": "buy", "price": 246900, "amount": 0.00020698}
{"tid": 11533249, "date": 1630488913, "type": "buy", "price": 247000, "amount": 0.00058705}
{"tid": 11533250, "date": 1630488943, "type": "buy", "price": 246999.99984, "amount": 0.0002}
{"tid": 11533251, "date": 1630488956, "type": "sell", "price": 246800, "amount": 2e-05}
{"tid": 11533252, "date": 1630488956, "type": "sell", "price": 246700.00001, "amount": 0.0002002}
{"tid": 11533253, "date": 1630488956, "type": "sell", "price": 246700, "amount": 2e-05}
{"tid": 11533254, "date": 1630488956, "type": "sell", "price": 246694.70567, "amount": 0.00055874}
{"tid": 11533255, "date": 1630488956, "type": "buy", "price": 246999.99977, "amount": 0.00363287}
{"tid": 11533256, "date": 1630489010, "type": "sell", "price": 246756.90283, "amount": 0.00811394}
{"tid": 11533257, "date": 1630489017, "type": "sell", "price": 246756.90283, "amount": 0.00503044}
{"tid": 11533258, "date": 1630489096, "type": "sell", "price": 246756.90283, "amount": 0.00025}
{"tid": 11533259, "date": 1630489099, "type": "sell", "price": 246756.90283, "amount": 0.00356206}
{"tid": 11533260, "date": 1630489101, "type": "buy", "price": 246999.99937, "amount": 0.00040485}
{"tid": 11533261, "date": 1630489143, "type": "sell", "price": 246756.90283, "amount": 6.547e-05}
{"tid": 11533262, "date": 1630489160, "type": "buy", "price": 246999.99943, "amount": 9.109e-05}
{"tid": 11533263, "date": 1630489205, "type": "sell", "price": 246756.90283, "amount": 0.0307}
{"tid": 11533264, "date": 1630489219, "type": "buy", "price": 246999.99944, "amount": 0.00027587}
{"tid": 11533265, "date": 1630489341, "type": "buy", "price": 247000, "amount": 0.00040882}
{"tid": 11533266, "date": 1630489360, "type": "sell", "price": 246900, "amount": 0.0154}
{"tid": 11533267, "date": 1630489380, "type": "buy", "price": 246999.99, "amount": 0.00017143}
{"tid": 11533268, "date": 1630489380, "type": "buy", "price": 247000, "amount": 2.994e-05}
{"tid": 11533269, "date": 1630489443, "type": "sell", "price": 246900, "amount": 0.0009066}
{"tid": 11533270, "date": 1630489443, "type": "sell", "price": 246900, "amount": 0.0144934}
{"tid": 11533271, "date": 1630489515, "type": "buy", "price": 247000, "amount": 0.00034898}
{"tid": 11533272, "date": 1630489527, "type": "buy", "price": 247000, "amount": 0.00073105}
{"tid": 11533273, "date": 1630489546, "type": "sell", "price": 246900, "amount": 2e-05}
{"tid": 11533274, "date": 1630489546, "type": "sell", "price": 246826.2006, "amount": 0.01528}
{"tid": 11533275, "date": 1630489599, "type": "buy", "price": 246999.99993, "amount": 0.00040485}
{"tid": 11533276, "date": 1630489616, "type": "sell", "price": 246826.2035, "amount": 0.01860099}
{"tid": 11533277, "date": 1630489624, "type": "sell", "price": 246826.2035, "amount": 0.01534}
{"tid": 11533278, "date": 1630489674, "type": "sell", "price": 246900, "amount": 2e-05}
{"tid": 11533279, "date": 1630489674, "type": "sell", "price": 246826.2035, "amount": 0.00089902}
{"tid": 11533280, "date": 1630489678, "type": "sell", "price": 246826.2, "amount": 0.0767}
{"tid": 11533281, "date": 1630489685, "type": "buy", "price": 246999.99, "amount": 0.00050064}
{"tid": 11533282, "date": 1630489693, "type": "sell", "price": 246826.2, "amount": 0.00121457}
{"tid": 11533283, "date": 1630489693, "type": "sell", "price": 246800, "amount": 2e-05}
{"tid": 11533284, "date": 1630489693, "type": "sell", "price": 246756.9, "amount": 0.00013292}
{"tid": 11533285, "date": 1630489693, "type": "sell", "price": 246700, "amount": 2e-05}
{"tid": 11533286, "date": 1630489693, "type": "sell", "price": 246694.7, "amount": 0.0045}
{"tid": 11533287, "date": 1630489693, "type": "sell", "price": 246689.1005, "amount": 0.05889435}
{"tid": 11533288, "date": 1630489800, "type": "buy", "price": 246999.98953, "amount": 0.0098204}
{"tid": 11533289, "date": 1630489814, "type": "sell", "price": 246800, "amount": 2e-05}
{"tid": 11533290, "date": 1630489814, "type": "sell", "price": 246700, "amount": 2e-05}
{"tid": 11533291, "date": 1630489814, "type": "sell", "price": 246689.1005, "amount": 0.03064}
{"tid": 11533292, "date": 1630489841, "type": "buy", "price": 246999.98847, "amount": 0.002}
{"tid": 11533293, "date": 1630489884, "type": "sell", "price": 246689.10051, "amount": 0.00200212}
{"tid": 11533294, "date": 1630489884, "type": "sell", "price": 246689.1005, "amount": 0.05939788}
{"tid": 11533295, "date": 1630489923, "type": "buy", "price": 246999.98682, "amount": 4.048e-05}
{"tid": 11533296, "date": 1630489929, "type": "buy", "price": 246999.98677, "amount": 0.00043526}
{"tid": 11533297, "date": 1630489939, "type": "buy", "price": 246999.98661, "amount": 0.00607287}
{"tid": 11533298, "date": 1630489959, "type": "sell", "price": 246689.70141, "amount": 0.00047624}
{"tid": 11533299, "date": 1630489959, "type": "sell", "price": 246689.7014, "amount": 0.00179618}
{"tid": 11533300, "date": 1630489976, "type": "sell", "price": 246689.7014, "amount": 0.00192442}
{"tid": 11533301, "date": 1630489977, "type": "sell", "price": 246689.7014, "amount": 0.04602}
{"tid": 11533302, "date": 1630489986, "type": "buy", "price": 246999.98985, "amount": 0.00442004}
{"tid": 11533303, "date": 1630490000, "type": "sell", "price": 246689.70141, "amount": 8.122e-05}
{"tid": 11533304, "date": 1630490006, "type": "sell", "price": 246689.70141, "amount": 0.00337}
{"tid": 11533305, "date": 1630490029, "type": "sell", "price": 246700, "amount": 2e-05}
{"tid": 11533306, "date": 1630490029, "type": "sell", "price": 246689.70141, "amount": 0.0009735}
{"tid": 11533307, "date": 1630490029, "type": "sell", "price": 246689.7014, "amount": 0.00906537}
{"tid": 11533308, "date": 1630490034, "type": "sell", "price": 246689.7014, "amount": 0.00259874}
{"tid": 11533309, "date": 1630490057, "type": "sell", "price": 246999.98, "amount": 0.00323886}
{"tid": 11533310, "date": 1630490057, "type": "sell", "price": 246876.10286, "amount": 0.01210114}
{"tid": 11533311, "date": 1630490069, "type": "sell", "price": 246876.10286, "amount": 0.00084}
{"tid": 11533312, "date": 1630490070, "type": "sell", "price": 246876.10286, "amount": 0.0004246}
{"tid": 11533313, "date": 1630490072, "type": "sell", "price": 246876.10286, "amount": 0.0004811}
{"tid": 11533314, "date": 1630490111, "type": "sell", "price": 246876.10286, "amount": 0.00051255}
{"tid": 11533315, "date": 1630490130, "type": "sell", "price": 246937.2, "amount": 0.00026131}
{"tid": 11533316, "date": 1630490175, "type": "sell", "price": 246956.3, "amount": 0.00015045}
{"tid": 11533317, "date": 1630490212, "type": "buy", "price": 246999.98986, "amount": 0.00024291}
{"tid": 11533318, "date": 1630490243, "type": "buy", "price": 246999.98986, "amount": 0.00101214}
{"tid": 11533319, "date": 1630490257, "type": "sell", "price": 246956.3, "amount": 0.00301484}
{"tid": 11533320, "date": 1630490272, "type": "buy", "price": 246999.98986, "amount": 0.04166743}
{"tid": 11533321, "date": 1630490374, "type": "sell", "price": 246999.98, "amount": 0.00020242}
{"tid": 11533322, "date": 1630490374, "type": "sell", "price": 246999.98, "amount": 0.00079453}
{"tid": 11533323, "date": 1630490376, "type": "buy", "price": 246999.98986, "amount": 0.0016572}
{"tid": 11533324, "date": 1630490430, "type": "sell", "price": 246999.98, "amount": 0.0138775}
{"tid": 11533325, "date": 1630490452, "type": "sell", "price": 246999.98, "amount": 0.04466155}
{"tid": 11533326, "date": 1630490471, "type": "sell", "price": 246999.98, "amount": 0.00255178}
{"tid": 11533327, "date": 1630490506, "type": "sell", "price": 246999.98, "amount": 0.02279398}
{"tid": 11533328, "date": 1630490533, "type": "sell", "price": 246999.98, "amount": 0.00104323}
{"tid": 11533329, "date": 1630490578, "type": "buy", "price": 246999.98986, "amount": 0.00020242}
{"tid": 11533330, "date": 1630490602, "type": "buy", "price": 246999.98986, "amount": 0.00080971}
{"tid": 11533331, "date": 1630490616, "type": "buy", "price": 246999.98986, "amount": 0.00796906}
{"tid": 11533332, "date": 1630490620, "type": "buy", "price": 246999.98986, "amount": 0.00198789}
{"tid": 11533333, "date": 1630490670, "type": "sell", "price": 246999.98, "amount": 0.00037943}
{"tid": 11533334, "date": 1630490672, "type": "sell", "price": 246999.98, "amount": 0.00040673}
{"tid": 11533335, "date": 1630490690, "type": "buy", "price": 246999.98986, "amount": 0.00040485}
{"tid": 11533336, "date": 1630490719, "type": "buy", "price": 246999.98986, "amount": 0.00019534}
{"tid": 11533337, "date": 1630490722, "type": "buy", "price": 246999.98986, "amount": 0.00404858}
{"tid": 11533338, "date": 1630490749, "type": "buy", "price": 246999.98986, "amount": 0.00063309}
{"tid": 11533339, "date": 1630490749, "type": "buy", "price": 246999.99, "amount": 0.00107506}
{"tid": 11533340, "date": 1630490749, "type": "buy", "price": 247000, "amount": 0.00139416}
{"tid": 11533341, "date": 1630490749, "type": "buy", "price": 247000, "amount": 0.00089769}
{"tid": 11533342, "date": 1630490759, "type": "buy", "price": 247000, "amount": 0.00034412}
{"tid": 11533343, "date": 1630490765, "type": "buy", "price": 247000, "amount": 0.00040485}
{"tid": 11533344, "date": 1630490784, "type": "sell", "price": 246999.98, "amount": 9.206e-05}
{"tid": 11533345, "date": 1630490806, "type": "buy", "price": 247000, "amount": 0.00404858}
{"tid": 11533346, "date": 1630490828, "type": "buy", "price": 247000, "amount": 0.00023959}
{"tid": 11533347, "date": 1630490855, "type": "buy", "price": 247000, "amount": 0.00020242}
{"tid": 11533348, "date": 1630490876, "type": "buy", "price": 247000, "amount": 0.00034253}
{"tid": 11533349, "date": 1630490876, "type": "buy", "price": 247000, "amount": 2.111e-05}
{"tid": 11533350, "date": 1630490903, "type": "buy", "price": 247000, "amount": 0.00021072}
{"tid": 11533351, "date": 1630490912, "type": "buy", "price": 247000, "amount": 0.00054149}
{"tid": 11533352, "date": 1630490947, "type": "buy", "price": 247000, "amount": 0.00728245}
{"tid": 11533353, "date": 1630490947, "type": "buy", "price": 247000, "amount": 0.00640062}
{"tid": 11533354, "date": 1630490959, "type": "buy", "price": 247000, "amount": 0.00236313}
{"tid": 11533355, "date": 1630490959, "type": "buy", "price": 247000, "amount": 0.0001}
{"tid": 11533356, "date": 1630490959, "type": "buy", "price": 247000, "amount": 0.00193511}
{"tid": 11533357, "date": 1630490959, "type": "buy", "price": 247000, "amount": 0.00074973}
{"tid": 11533358, "date": 1630490961, "type": "buy", "price": 247000, "amount": 0.0002}
{"tid": 11533359, "date": 1630490963, "type": "buy", "price": 247000, "amount": 0.00404858}
{"tid": 11533360, "date": 1630490970, "type": "buy", "price": 247000, "amount": 0.00309684}
{"tid": 11533361, "date": 1630490978, "type": "buy", "price": 247000, "amount": 0.00068242}
{"tid": 11533362, "date": 1630491006, "type": "buy", "price": 247000, "amount": 0.00385952}
{"tid": 11533363, "date": 1630491012, "type": "buy", "price": 247000, "amount": 9.999e-05}
{"tid": 11533364, "date": 1630491020, "type": "buy", "price": 247000, "amount": 0.00781846}
{"tid": 11533365, "date": 1630491028, "type": "sell", "price": 246999.98, "amount": 5.853e-05}
{"tid": 11533366, "date": 1630491050, "type": "sell", "price": 246999.98, "amount": 0.00021948}
{"tid": 11533367, "date": 1630491078, "type": "buy", "price": 247000, "amount": 0.00061133}
{"tid": 11533368, "date": 1630491086, "type": "sell", "price": 246999.98, "amount": 0.01564677}
{"tid": 11533369, "date": 1630491101, "type": "buy", "price": 247000, "amount": 0.0002834}
{"tid": 11533370, "date": 1630491130, "type": "buy", "price": 247000, "amount": 0.00012757}
{"tid": 11533371, "date": 1630491140, "type": "buy", "price": 247000, "amount": 4.048e-05}
{"tid": 11533372, "date": 1630491167, "type": "buy", "price": 247000, "amount": 0.00204453}
{"tid": 11533373, "date": 1630491192, "type": "buy", "price": 247000, "amount": 0.03333103}
{"tid": 11533374, "date": 1630491192, "type": "buy", "price": 247000, "amount": 0.00203066}
{"tid": 11533375, "date": 1630491202, "type": "buy", "price": 247223.21, "amount": 0.00808985}
{"tid": 11533376, "date": 1630491203, "type": "buy", "price": 247223.21, "amount": 0.00055399}
{"tid": 11533377, "date": 1630491219, "type": "sell", "price": 247003.68941, "amount": 0.00208156}
{"tid": 11533378, "date": 1630491227, "type": "buy", "price": 247223.21, "amount": 0.00121347}
{"tid": 11533379, "date": 1630491242, "type": "buy", "price": 247223.21, "amount": 0.00202246}
{"tid": 11533380, "date": 1630491251, "type": "buy", "price": 247223.21, "amount": 7.078e-05}
{"tid": 11533381, "date": 1630491254, "type": "buy", "price": 247223.21, "amount": 0.00545029}
{"tid": 11533382, "date": 1630491254, "type": "buy", "price": 247223.21, "amount": 0.00165772}
{"tid": 11533383, "date": 1630491259, "type": "sell", "price": 247487.40172, "amount": 0.01156107}
{"tid": 11533384, "date": 1630491312, "type": "buy", "price": 247999.98898, "amount": 0.01344125}
{"tid": 11533385, "date": 1630491324, "type": "buy", "price": 247999.98873, "amount": 0.00040959}
{"tid": 11533386, "date": 1630491434, "type": "buy", "price": 247999.97911, "amount": 9.758e-05}
{"tid": 11533387, "date": 1630491500, "type": "buy", "price": 247999.96932, "amount": 0.00040733}
{"tid": 11533388, "date": 1630491539, "type": "sell", "price": 247487.61387, "amount": 0.01744617}
{"tid": 11533389, "date": 1630491543, "type": "buy", "price": 247999.96863, "amount": 0.02016129}
{"tid": 11533390, "date": 1630491584, "type": "buy", "price": 247999.9683, "amount": 0.00020161}
{"tid": 11533391, "date": 1630491593, "type": "buy", "price": 247999.9682, "amount": 0.0001852}
{"tid": 11533392, "date": 1630491603, "type": "buy", "price": 247999.96815, "amount": 0.00751399}
{"tid": 11533393, "date": 1630491621, "type": "buy", "price": 247999.94982, "amount": 0.00040322}
{"tid": 11533394, "date": 1630491623, "type": "buy", "price": 247999.94985, "amount": 0.00247101}
{"tid": 11533395, "date": 1630491636, "type": "buy", "price": 247999.94972, "amount": 0.0019325}
{"tid": 11533396, "date": 1630491647, "type": "buy", "price": 247999.94967, "amount": 0.00122866}
{"tid": 11533397, "date": 1630491657, "type": "buy", "price": 247999.94962, "amount": 0.00201612}
{"tid": 11533398, "date": 1630491672, "type": "buy", "price": 247999.94956, "amount": 0.00100806}
{"tid": 11533399, "date": 1630491801, "type": "buy", "price": 247999.93911, "amount": 6.048e-05}
{"tid": 11533400, "date": 1630491811, "type": "buy", "price": 247999.93901, "amount": 0.00040322}
{"tid": 11533401, "date": 1630491812, "type": "sell", "price": 247487.80561, "amount": 0.00404858}
{"tid": 11533402, "date": 1630491828, "type": "buy", "price": 247999.93895, "amount": 0.00021931}
{"tid": 11533403, "date": 1630491920, "type": "buy", "price": 247999.93882, "amount": 0.00022858}
{"tid": 11533404, "date": 1630491921, "type": "sell", "price": 247999.93, "amount": 0.00020161}
{"tid": 11533405, "date": 1630491976, "type": "buy", "price": 247999.91996, "amount": 8.544e-05}
{"tid": 11533406, "date": 1630491984, "type": "buy", "price": 247999.91987, "amount": 0.00201612}
{"tid": 11533407, "date": 1630492026, "type": "buy", "price": 247999.39356, "amount": 0.0014554}
{"tid": 11533408, "date": 1630492040, "type": "buy", "price": 247998.34152, "amount": 4.032e-05}
{"tid": 11533409, "date": 1630492141, "type": "sell", "price": 247488.01513, "amount": 0.02636719}
{"tid": 11533410, "date": 1630492152, "type": "buy", "price": 247995.71033, "amount": 0.00222222}
{"tid": 11533411, "date": 1630492163, "type": "buy", "price": 247994.65815, "amount": 0.00208}
{"tid": 11533412, "date": 1630492163, "type": "buy", "price": 247995.18415, "amount": 0.00195418}
{"tid": 11533413, "date": 1630492195, "type": "buy", "price": 247995.18378, "amount": 0.00024415}
{"tid": 11533414, "date": 1630492223, "type": "buy", "price": 247995.18342, "amount": 0.02327121}
{"tid": 11533415, "date": 1630492234, "type": "buy", "price": 247995.18341, "amount": 0.00020161}
{"tid": 11533416, "date": 1630492273, "type": "buy", "price": 247995.18271, "amount": 0.00201616}
{"tid": 11533417, "date": 1630492282, "type": "buy", "price": 247995.1827, "amount": 0.00195007}
{"tid": 11533418, "date": 1630492306, "type": "sell", "price": 247488.10571, "amount": 0.00876204}
{"tid": 11533419, "date": 1630492343, "type": "sell", "price": 247995.18, "amount": 0.00204}
{"tid": 11533420, "date": 1630492348, "type": "buy", "price": 247995.18152, "amount": 0.00403233}
{"tid": 11533421, "date": 1630492354, "type": "sell", "price": 247995.18, "amount": 0.00204}
{"tid": 11533422, "date": 1630492396, "type": "buy", "price": 247995.18126, "amount": 0.00115136}
{"tid": 11533423, "date": 1630492423, "type": "buy", "price": 247995.1812, "amount": 0.00372976}
{"tid": 11533424, "date": 1630492423, "type": "buy", "price": 247995.18124, "amount": 0.02046425}
{"tid": 11533425, "date": 1630492425, "type": "sell", "price": 247995.18, "amount": 3.994e-05}
{"tid": 11533426, "date": 1630492435, "type": "buy", "price": 247995.1812, "amount": 0.02295024}
{"tid": 11533427, "date": 1630492435, "type": "buy", "price": 247995.18123, "amount": 0.02159901}
{"tid": 11533428, "date": 1630492446, "type": "sell", "price": 247995.18, "amount": 0.00018391}
{"tid": 11533429, "date": 1630492448, "type": "sell", "price": 247995.18, "amount": 3.625e-05}
{"tid": 11533430, "date": 1630492448, "type": "sell", "price": 247995.18, "amount": 0.00040637}
{"tid": 11533431, "date": 1630492463, "type": "buy", "price": 247995.16993, "amount": 0.00040323}
{"tid": 11533432, "date": 1630492466, "type": "sell", "price": 247900, "amount": 5.604e-05}
{"tid": 11533433, "date": 1630492476, "type": "buy", "price": 247995.16997, "amount": 0.0012097}
{"tid": 11533434, "date": 1630492504, "type": "buy", "price": 247995.16997, "amount": 0.0403261}
{"tid": 11533435, "date": 1630492515, "type": "buy", "price": 247995.16996, "amount": 0.02383989}
{"tid": 11533436, "date": 1630492522, "type": "sell", "price": 247900, "amount": 0.00020325}
{"tid": 11533437, "date": 1630492522, "type": "sell", "price": 247617.40127, "amount": 0.00019716}
{"tid": 11533438, "date": 1630492546, "type": "sell", "price": 247617.43022, "amount": 0.00019606}
{"tid": 11533439, "date": 1630492581, "type": "sell", "price": 247617.47416, "amount": 0.00134016}
{"tid": 11533440, "date": 1630492581, "type": "sell", "price": 247617.47718, "amount": 0.00224055}
{"tid": 11533441, "date": 1630492584, "type": "buy", "price": 247995.71, "amount": 6.205e-05}
{"tid": 11533442, "date": 1630492584, "type": "buy", "price": 247998, "amount": 0.00734631}
{"tid": 11533443, "date": 1630492612, "type": "sell", "price": 247617.50496, "amount": 0.00047138}
{"tid": 11533444, "date": 1630492630, "type": "buy", "price": 247998, "amount": 0.00358624}
{"tid": 11533445, "date": 1630492630, "type": "buy", "price": 247999.93, "amount": 0.00029693}
{"tid": 11533446, "date": 1630492630, "type": "buy", "price": 247999.93, "amount": 0.00064684}
{"tid": 11533447, "date": 1630492630, "type": "buy", "price": 247999.97, "amount": 0.00059184}
{"tid": 11533448, "date": 1630492630, "type": "buy", "price": 247999.98, "amount": 0.00092656}
{"tid": 11533449, "date": 1630492644, "type": "buy", "price": 247999.98, "amount": 0.00707554}
{"tid": 11533450, "date": 1630492695, "type": "sell", "price": 247617.56049, "amount": 0.0003524}
{"tid": 11533451, "date": 1630492704, "type": "buy", "price": 247999.98, "amount": 0.00160536}
{"tid": 11533452, "date": 1630492706, "type": "buy", "price": 247999.98, "amount": 0.00126889}
{"tid": 11533453, "date": 1630492706, "type": "buy", "price": 247999.99, "amount": 4.1e-05}
{"tid": 11533454, "date": 1630492706, "type": "buy", "price": 248000, "amount": 0.00063}
{"tid": 11533455, "date": 1630492706, "type": "buy", "price": 248000, "amount": 7.623e-05}
{"tid": 11533456, "date": 1630492722, "type": "buy", "price": 248000, "amount": 0.00602554}
{"tid": 11533457, "date": 1630492722, "type": "buy", "price": 248000, "amount": 1.08e-05}
{"tid": 11533458, "date": 1630492730, "type": "sell", "price": 247617.59557, "amount": 0.00735184}
{"tid": 11533459, "date": 1630492738, "type": "sell", "price": 247617.60952, "amount": 4.043e-05}
{"tid": 11533460, "date": 1630492738, "type": "buy", "price": 247999.99999, "amount": 4.072e-05}
{"tid": 11533461, "date": 1630492763, "type": "buy", "price": 247999.99999, "amount": 4.032e-05}
{"tid": 11533462, "date": 1630492785, "type": "sell", "price": 247617.63468, "amount": 0.00058193}
{"tid": 11533463, "date": 1630492804, "type": "sell", "price": 247617.65157, "amount": 0.00392}
{"tid": 11533464, "date": 1630492815, "type": "sell", "price": 247617.66239, "amount": 2.002e-05}
{"tid": 11533465, "date": 1630492856, "type": "sell", "price": 247617.70793, "amount": 0.00040407}
{"tid": 11533466, "date": 1630492920, "type": "buy", "price": 247950, "amount": 4.033e-05}
{"tid": 11533467, "date": 1630492926, "type": "sell", "price": 247617.78175, "amount": 0.00359595}
{"tid": 11533468, "date": 1630492956, "type": "buy", "price": 247949.99996, "amount": 0.00403307}
{"tid": 11533469, "date": 1630493009, "type": "sell", "price": 247617.88013, "amount": 0.00020347}
{"tid": 11533470, "date": 1630493013, "type": "buy", "price": 247949.99, "amount": 0.0002692}
{"tid": 11533471, "date": 1630493013, "type": "buy", "price": 247949.9997, "amount": 0.00376387}
{"tid": 11533472, "date": 1630493017, "type": "buy", "price": 247949.99994, "amount": 0.00020343}
{"tid": 11533473, "date": 1630493017, "type": "buy", "price": 247949.99995, "amount": 0.00382964}
{"tid": 11533474, "date": 1630493039, "type": "buy", "price": 247949.99977, "amount": 4.033e-05}
{"tid": 11533475, "date": 1630493058, "type": "buy", "price": 247949.99996, "amount": 0.0030248}
{"tid": 11533476, "date": 1630493070, "type": "buy", "price": 247949.99996, "amount": 6.739e-05}
{"tid": 11533477, "date": 1630493071, "type": "buy", "price": 247949.99985, "amount": 0.00013696}
{"tid": 11533478, "date": 1630493094, "type": "buy", "price": 247949.99975, "amount": 0.00134051}
{"tid": 11533479, "date": 1630493138, "type": "buy", "price": 247949.99996, "amount": 0.0457}
{"tid": 11533480, "date": 1630493138, "type": "buy", "price": 247950, "amount": 4.855e-05}
{"tid": 11533481, "date": 1630493138, "type": "buy", "price": 247979.99, "amount": 0.00014758}
{"tid": 11533482, "date": 1630493138, "type": "buy", "price": 247999.99999, "amount": 0.00048407}
{"tid": 11533483, "date": 1630493144, "type": "buy", "price": 247949.99958, "amount": 0.00010082}
{"tid": 11533484, "date": 1630493159, "type": "buy", "price": 247949.99, "amount": 0.00122052}
{"tid": 11533485, "date": 1630493163, "type": "buy", "price": 247949.99, "amount": 0.04033071}
{"tid": 11533486, "date": 1630493197, "type": "sell", "price": 247488.08182, "amount": 0.04075}
{"tid": 11533487, "date": 1630493204, "type": "sell", "price": 247488.08182, "amount": 0.01868854}
{"tid": 11533488, "date": 1630493204, "type": "sell", "price": 247488.01, "amount": 0.00169146}
{"tid": 11533489, "date": 1630493210, "type": "buy", "price": 247949.98981, "amount": 0.01349141}
{"tid": 11533490, "date": 1630493230, "type": "sell", "price": 247488.01, "amount": 0.00815}
{"tid": 11533491, "date": 1630493265, "type": "sell", "price": 247488.01, "amount": 0.00015854}
{"tid": 11533492, "date": 1630493265, "type": "sell", "price": 247487.97, "amount": 0.00040999}
{"tid": 11533493, "date": 1630493265, "type": "sell", "price": 247487.6, "amount": 0.00147147}
{"tid": 11533494, "date": 1630493271, "type": "buy", "price": 247949.98886, "amount": 0.00030248}
{"tid": 11533495, "date": 1630493304, "type": "buy", "price": 247949.96561, "amount": 0.0452}
{"tid": 11533496, "date": 1630493304, "type": "buy", "price": 247949.96565, "amount": 0.05562679}
{"tid": 11533497, "date": 1630493305, "type": "sell", "price": 247488.01, "amount": 0.08156}
{"tid": 11533498, "date": 1630493319, "type": "sell", "price": 247488.01, "amount": 0.00067034}
{"tid": 11533499, "date": 1630493345, "type": "sell", "price": 247488.01, "amount": 0.0204}
{"tid": 11533500, "date": 1630493355, "type": "sell", "price": 247488.01, "amount": 0.00204}
{"tid": 11533501, "date": 1630493357, "type": "buy", "price": 247846.08453, "amount": 0.00020173}
{"tid": 11533502, "date": 1630493363, "type": "sell", "price": 247488.01, "amount": 0.00204}
{"tid": 11533503, "date": 1630493378, "type": "sell", "price": 247488.01, "amount": 0.00204}
{"tid": 11533504, "date": 1630493391, "type": "sell", "price": 247488.01, "amount": 0.00239556}
{"tid": 11533505, "date": 1630493391, "type": "sell", "price": 247488.01, "amount": 0.0002}
{"tid": 11533506, "date": 1630493391, "type": "sell", "price": 247488, "amount": 0.00085656}
{"tid": 11533507, "date": 1630493391, "type": "sell", "price": 247487.6, "amount": 0.00014517}
{"tid": 11533508, "date": 1630493391, "type": "sell", "price": 247317.93, "amount": 0.00043041}
{"tid": 11533509, "date": 1630493391, "type": "sell", "price": 247000.00001, "amount": 0.00020238}
{"tid": 11533510, "date": 1630493391, "type": "sell", "price": 247000, "amount": 0.00021052}
{"tid": 11533511, "date": 1630493391, "type": "sell", "price": 247000, "amount": 0.00040485}
{"tid": 11533512, "date": 1630493391, "type": "sell", "price": 246999.98326, "amount": 0.04160264}
{"tid": 11533513, "date": 1630493413, "type": "sell", "price": 247846.08, "amount": 0.00040347}
{"tid": 11533514, "date": 1630493413, "type": "sell", "price": 246999.99885, "amount": 0.03748273}
{"tid": 11533515, "date": 1630493413, "type": "sell", "price": 246999.99885, "amount": 0.0041138}
{"tid": 11533516, "date": 1630493420, "type": "sell", "price": 247000.0071, "amount": 0.00116258}
{"tid": 11533517, "date": 1630493438, "type": "buy", "price": 247846.06596, "amount": 0.02420857}
{"tid": 11533518, "date": 1630493441, "type": "buy", "price": 247846.06508, "amount": 0.01291303}
{"tid": 11533519, "date": 1630493452, "type": "sell", "price": 247000.03305, "amount": 0.00237}
{"tid": 11533520, "date": 1630493459, "type": "buy", "price": 247846.05999, "amount": 0.00010086}
{"tid": 11533521, "date": 1630493463, "type": "sell", "price": 247000.04151, "amount": 0.01086481}
{"tid": 11533522, "date": 1630493469, "type": "buy", "price": 247846.05139, "amount": 4.49e-05}
{"tid": 11533523, "date": 1630493477, "type": "buy", "price": 247846.04503, "amount": 0.00020173}
{"tid": 11533524, "date": 1630493479, "type": "sell", "price": 247000.06341, "amount": 0.02874946}
{"tid": 11533525, "date": 1630493493, "type": "sell", "price": 247000.08366, "amount": 0.02945823}
{"tid": 11533526, "date": 1630493517, "type": "sell", "price": 247000.11129, "amount": 3.003e-05}
{"tid": 11533527, "date": 1630493542, "type": "buy", "price": 247692.09876, "amount": 0.00060559}
{"tid": 11533528, "date": 1630493571, "type": "buy", "price": 247692.08971, "amount": 4.037e-05}
{"tid": 11533529, "date": 1630493580, "type": "sell", "price": 247358.00001, "amount": 0.00020209}
{"tid": 11533530, "date": 1630493580, "type": "sell", "price": 247358, "amount": 0.00012602}
{"tid": 11533531, "date": 1630493585, "type": "sell", "price": 247358, "amount": 0.00256}
{"tid": 11533532, "date": 1630493599, "type": "buy", "price": 247692.08902, "amount": 0.00039432}
{"tid": 11533533, "date": 1630493602, "type": "buy", "price": 247692.0889, "amount": 0.0003}
{"tid": 11533534, "date": 1630493628, "type": "sell", "price": 247358, "amount": 0.0007}
{"tid": 11533535, "date": 1630493636, "type": "buy", "price": 247692.08814, "amount": 0.00027832}
{"tid": 11533536, "date": 1630493664, "type": "buy", "price": 247692.08728, "amount": 0.00012354}
{"tid": 11533537, "date": 1630493685, "type": "buy", "price": 247692.08688, "amount": 0.00020186}
{"tid": 11533538, "date": 1630493738, "type": "buy", "price": 247692.08632, "amount": 0.00015042}
{"tid": 11533539, "date": 1630493756, "type": "buy", "price": 247400.2921, "amount": 0.00464833}
{"tid": 11533540, "date": 1630493779, "type": "sell", "price": 247400, "amount": 0.00840129}
{"tid": 11533541, "date": 1630493798, "type": "buy", "price": 247400.00028, "amount": 0.01212611}
{"tid": 11533542, "date": 1630493800, "type": "buy", "price": 247400.00028, "amount": 0.00020214}
{"tid": 11533543, "date": 1630493805, "type": "buy", "price": 247400.00001, "amount": 0.036}
{"tid": 11533544, "date": 1630493809, "type": "buy", "price": 247400.29, "amount": 0.00363782}
{"tid": 11533545, "date": 1630493810, "type": "sell", "price": 247400.00001, "amount": 0.00015057}
{"tid": 11533546, "date": 1630493810, "type": "sell", "price": 247400, "amount": 1.22214458}
{"tid": 11533547, "date": 1630493822, "type": "buy", "price": 247399.99991, "amount": 0.0484}
{"tid": 11533548, "date": 1630493822, "type": "buy", "price": 247399.99995, "amount": 0.05942771}
{"tid": 11533549, "date": 1630493822, "type": "buy", "price": 247400.00029, "amount": 0.00119941}
{"tid": 11533550, "date": 1630493823, "type": "buy", "price": 247400.00025, "amount": 0.0004042}
{"tid": 11533551, "date": 1630493860, "type": "sell", "price": 247100.00014, "amount": 0.00456562}
{"tid": 11533552, "date": 1630493890, "type": "buy", "price": 247399.98995, "amount": 0.00010105}
{"tid": 11533553, "date": 1630493898, "type": "sell", "price": 247100, "amount": 3e-05}
{"tid": 11533554, "date": 1630493920, "type": "sell", "price": 247100, "amount": 3e-05}
{"tid": 11533555, "date": 1630493928, "type": "sell", "price": 247100, "amount": 0.000235}
{"tid": 11533556, "date": 1630493949, "type": "sell", "price": 247100, "amount": 0.0025}
{"tid": 11533557, "date": 1630493964, "type": "sell", "price": 247100, "amount": 0.000305}
{"tid": 11533558, "date": 1630493989, "type": "buy", "price": 247099.99999, "amount": 0.00040469}
{"tid": 11533559, "date": 1630493996, "type": "buy", "price": 247099.99998, "amount": 0.00085103}
{"tid": 11533560, "date": 1630494024, "type": "buy", "price": 247099.99998, "amount": 0.00013589}
{"tid": 11533561, "date": 1630494055, "type": "sell", "price": 247000.12, "amount": 0.00105478}
{"tid": 11533562, "date": 1630494059, "type": "sell", "price": 247000.12, "amount": 0.0021561}
{"tid": 11533563, "date": 1630494085, "type": "sell", "price": 247000.03, "amount": 2.252e-05}
{"tid": 11533564, "date": 1630494086, "type": "buy", "price": 247000.12, "amount": 0.00073558}
{"tid": 11533565, "date": 1630494109, "type": "sell", "price": 247000.03, "amount": 0.00027748}
{"tid": 11533566, "date": 1630494117, "type": "sell", "price": 246999.98, "amount": 0.01132931}
{"tid": 11533567, "date": 1630494118, "type": "buy", "price": 247000.02, "amount": 0.00033586}
{"tid": 11533568, "date": 1630494118, "type": "buy", "price": 247000.12, "amount": 6.899e-05}
{"tid": 11533569, "date": 1630494126, "type": "sell", "price": 246999.98, "amount": 0.00080503}
{"tid": 11533570, "date": 1630494154, "type": "sell", "price": 246999.98, "amount": 0.01012346}
{"tid": 11533571, "date": 1630494154, "type": "sell", "price": 246999.98, "amount": 0.00204502}
{"tid": 11533572, "date": 1630494154, "type": "sell", "price": 246999.98, "amount": 0.00019923}
{"tid": 11533573, "date": 1630494154, "type": "sell", "price": 246999.98, "amount": 0.00213109}
{"tid": 11533574, "date": 1630494154, "type": "sell", "price": 246999.98, "amount": 0.00416983}
{"tid": 11533575, "date": 1630494154, "type": "sell", "price": 246999.98, "amount": 9.999e-05}
{"tid": 11533576, "date": 1630494154, "type": "sell", "price": 246900, "amount": 2e-05}
{"tid": 11533577, "date": 1630494154, "type": "sell", "price": 246900, "amount": 0.00126213}
{"tid": 11533578, "date": 1630494154, "type": "sell", "price": 246875, "amount": 0.00416806}
{"tid": 11533579, "date": 1630494154, "type": "sell", "price": 246800, "amount": 2e-05}
{"tid": 11533580, "date": 1630494154, "type": "sell", "price": 246782.49303, "amount": 0.04174711}
{"tid": 11533581, "date": 1630494203, "type": "buy", "price": 247000.12, "amount": 0.00033933}
{"tid": 11533582, "date": 1630494229, "type": "sell", "price": 247000.12, "amount": 0.00775783}
{"tid": 11533583, "date": 1630494254, "type": "buy", "price": 247000.10999, "amount": 0.00020242}
{"tid": 11533584, "date": 1630494261, "type": "sell", "price": 246782.59544, "amount": 0.00018626}
{"tid": 11533585, "date": 1630494279, "type": "sell", "price": 246782.60646, "amount": 2e-05}
{"tid": 11533586, "date": 1630494281, "type": "buy", "price": 247000.10999, "amount": 0.0004}
{"tid": 11533587, "date": 1630494292, "type": "sell", "price": 246782.6188, "amount": 0.00012205}
{"tid": 11533588, "date": 1630494292, "type": "sell", "price": 246782.6188, "amount": 0.00031137}
{"tid": 11533589, "date": 1630494333, "type": "sell", "price": 247000, "amount": 0.0004}
{"tid": 11533590, "date": 1630494333, "type": "sell", "price": 246782.62855, "amount": 0.0183}
{"tid": 11533591, "date": 1630494365, "type": "buy", "price": 247000.10999, "amount": 0.00040485}
{"tid": 11533592, "date": 1630494368, "type": "sell", "price": 246783.02955, "amount": 0.01896986}
{"tid": 11533593, "date": 1630494387, "type": "buy", "price": 247000.10999, "amount": 4.048e-05}
{"tid": 11533594, "date": 1630494390, "type": "buy", "price": 247000.10999, "amount": 4.048e-05}
{"tid": 11533595, "date": 1630494396, "type": "buy", "price": 247000.10999, "amount": 0.00024939}
{"tid": 11533596, "date": 1630494407, "type": "sell", "price": 246932.3, "amount": 0.00110614}
{"tid": 11533597, "date": 1630494418, "type": "sell", "price": 246946, "amount": 0.00015126}
{"tid": 11533598, "date": 1630494428, "type": "buy", "price": 247000.11, "amount": 0.00040485}
{"tid": 11533599, "date": 1630494448, "type": "buy", "price": 247000.11, "amount": 0.0002408}
{"tid": 11533600, "date": 1630494475, "type": "sell", "price": 246849.20212, "amount": 0.0008296}
{"tid": 11533601, "date": 1630494478, "type": "buy", "price": 246999.99999, "amount": 0.00809716}
{"tid": 11533602, "date": 1630494516, "type": "buy", "price": 246999.99999, "amount": 0.00044672}
{"tid": 11533603, "date": 1630494518, "type": "sell", "price": 246849.25768, "amount": 0.00057773}
{"tid": 11533604, "date": 1630494534, "type": "sell", "price": 246999.99, "amount": 6.38e-05}
{"tid": 11533605, "date": 1630494551, "type": "buy", "price": 246999.99999, "amount": 0.00111866}
{"tid": 11533606, "date": 1630494580, "type": "buy", "price": 246999.99999, "amount": 0.00080971}
{"tid": 11533607, "date": 1630494654, "type": "sell", "price": 246999.99, "amount": 0.0019362}
{"tid": 11533608, "date": 1630494654, "type": "sell", "price": 246849.32422, "amount": 0.02618591}
{"tid": 11533609, "date": 1630494675, "type": "sell", "price": 246849.34644, "amount": 0.05115}
{"tid": 11533610, "date": 1630494675, "type": "sell", "price": 246849.34641, "amount": 0.0197}
{"tid": 11533611, "date": 1630494677, "type": "sell", "price": 246849.34876, "amount": 0.00293298}
{"tid": 11533612, "date": 1630494682, "type": "sell", "price": 246849.35855, "amount": 0.00073044}
{"tid": 11533613, "date": 1630494694, "type": "buy", "price": 246999.99999, "amount": 0.00404858}
{"tid": 11533614, "date": 1630494697, "type": "sell", "price": 246849.38008, "amount": 0.00064}
{"tid": 11533615, "date": 1630494719, "type": "sell", "price": 246849.39586, "amount": 0.0001986}
{"tid": 11533616, "date": 1630494756, "type": "buy", "price": 246999.99999, "amount": 0.01214574}
{"tid": 11533617, "date": 1630494759, "type": "sell", "price": 246849.42332, "amount": 0.00070483}
{"tid": 11533618, "date": 1630494768, "type": "buy", "price": 246999.99999, "amount": 0.00202433}
{"tid": 11533619, "date": 1630494778, "type": "buy", "price": 246999.99999, "amount": 0.00032388}
{"tid": 11533620, "date": 1630494812, "type": "buy", "price": 246999.99999, "amount": 0.00197368}
{"tid": 11533621, "date": 1630494814, "type": "buy", "price": 246999.99999, "amount": 0.00119813}
{"tid": 11533622, "date": 1630494841, "type": "sell", "price": 246999.99, "amount": 0.00042324}
{"tid": 11533623, "date": 1630494853, "type": "sell", "price": 246999.99, "amount": 0.00032659}
{"tid": 11533624, "date": 1630494853, "type": "sell", "price": 246849.45812, "amount": 0.01340122}
{"tid": 11533625, "date": 1630494869, "type": "sell", "price": 246999.99, "amount": 0.0004119}
{"tid": 11533626, "date": 1630494869, "type": "sell", "price": 246849.46276, "amount": 0.0313947}
{"tid": 11533627, "date": 1630494869, "type": "sell", "price": 246849.46275, "amount": 0.04287218}
{"tid": 11533628, "date": 1630494870, "type": "buy", "price": 246999.99999, "amount": 0.00041}
{"tid": 11533629, "date": 1630494874, "type": "sell", "price": 246849.4643, "amount": 0.00031458}
{"tid": 11533630, "date": 1630494884, "type": "buy", "price": 246999.99999, "amount": 4.089e-05}
{"tid": 11533631, "date": 1630494907, "type": "buy", "price": 246999.99999, "amount": 0.00053251}
{"tid": 11533632, "date": 1630494929, "type": "sell", "price": 246849.50283, "amount": 0.023}
{"tid": 11533633, "date": 1630494998, "type": "sell", "price": 246956.4, "amount": 0.00085648}
{"tid": 11533634, "date": 1630495029, "type": "buy", "price": 247000, "amount": 4.089e-05}
{"tid": 11533635, "date": 1630495038, "type": "sell", "price": 246963.1, "amount": 0.00016892}
{"tid": 11533636, "date": 1630495043, "type": "buy", "price": 247000, "amount": 0.00129554}
{"tid": 11533637, "date": 1630495051, "type": "buy", "price": 247000, "amount": 6.072e-05}
{"tid": 11533638, "date": 1630495068, "type": "sell", "price": 246994.1, "amount": 0.00122935}
{"tid": 11533639, "date": 1630495116, "type": "buy", "price": 247000, "amount": 0.0001007}
{"tid": 11533640, "date": 1630495119, "type": "sell", "price": 246994.1, "amount": 0.00031543}
{"tid": 11533641, "date": 1630495122, "type": "sell", "price": 246994.1, "amount": 0.00052483}
{"tid": 11533642, "date": 1630495147, "type": "sell", "price": 246994.1, "amount": 0.00114248}
{"tid": 11533643, "date": 1630495198, "type": "sell", "price": 246994.1, "amount": 0.00074982}
{"tid": 11533644, "date": 1630495198, "type": "sell", "price": 246994.1, "amount": 4.19e-05}
{"tid": 11533645, "date": 1630495211, "type": "buy", "price": 247000, "amount": 0.00030215}
{"tid": 11533646, "date": 1630495211, "type": "buy", "price": 247000, "amount": 0.00104977}
{"tid": 11533647, "date": 1630495211, "type": "buy", "price": 247000, "amount": 0.00524}
{"tid": 11533648, "date": 1630495211, "type": "buy", "price": 247000.11, "amount": 0.00919754}
{"tid": 11533649, "date": 1630495230, "type": "sell", "price": 246900.90012, "amount": 0.00062}
{"tid": 11533650, "date": 1630495274, "type": "buy", "price": 247000.11, "amount": 0.00040485}
{"tid": 11533651, "date": 1630495322, "type": "sell", "price": 246900.90027, "amount": 9.948e-05}
{"tid": 11533652, "date": 1630495323, "type": "sell", "price": 246900.90027, "amount": 0.00088412}
{"tid": 11533653, "date": 1630495323, "type": "sell", "price": 246900.90027, "amount": 0.00161588}
{"tid": 11533654, "date": 1630495325, "type": "buy", "price": 247000.11, "amount": 0.00020242}
{"tid": 11533655, "date": 1630495328, "type": "buy", "price": 247000.11, "amount": 0.00202429}
{"tid": 11533656, "date": 1630495332, "type": "sell", "price": 246900.9003, "amount": 0.00017444}
{"tid": 11533657, "date": 1630495346, "type": "buy", "price": 247000.11, "amount": 0.04048581}
{"tid": 11533658, "date": 1630495354, "type": "buy", "price": 247000.11, "amount": 0.00404858}
{"tid": 11533659, "date": 1630495364, "type": "buy", "price": 247000.11, "amount": 0.00202429}
{"tid": 11533660, "date": 1630495375, "type": "buy", "price": 247000.11, "amount": 0.00915373}
{"tid": 11533661, "date": 1630495391, "type": "buy", "price": 247000.11, "amount": 0.00031214}
{"tid": 11533662, "date": 1630495393, "type": "sell", "price": 246918.78705, "amount": 0.0085}
{"tid": 11533663, "date": 1630495417, "type": "buy", "price": 247000.1, "amount": 0.00060728}
{"tid": 11533664, "date": 1630495447, "type": "sell", "price": 246929.84552, "amount": 0.00038986}
{"tid": 11533665, "date": 1630495454, "type": "sell", "price": 246930.37418, "amount": 0.000682}
{"tid": 11533666, "date": 1630495456, "type": "sell", "price": 246930.37463, "amount": 0.00019774}
{"tid": 11533667, "date": 1630495469, "type": "buy", "price": 247000.1, "amount": 4.174e-05}
{"tid": 11533668, "date": 1630495478, "type": "buy", "price": 247000.1, "amount": 0.00018558}
{"tid": 11533669, "date": 1630495483, "type": "sell", "price": 246933.53723, "amount": 0.00331079}
{"tid": 11533670, "date": 1630495489, "type": "buy", "price": 247000.1, "amount": 0.00106238}
{"tid": 11533671, "date": 1630495489, "type": "buy", "price": 247000.1, "amount": 7.817e-05}
{"tid": 11533672, "date": 1630495489, "type": "buy", "price": 247000.11, "amount": 0.00986345}
{"tid": 11533673, "date": 1630495502, "type": "sell", "price": 246936.69706, "amount": 0.00947}
{"tid": 11533674, "date": 1630495502, "type": "sell", "price": 246936.17106, "amount": 0.01846343}
{"tid": 11533675, "date": 1630495510, "type": "buy", "price": 247000.1, "amount": 0.0001571}
{"tid": 11533676, "date": 1630495510, "type": "buy", "price": 247000.1, "amount": 4.532e-05}
{"tid": 11533677, "date": 1630495524, "type": "sell", "price": 246938.28479, "amount": 0.0017818}
{"tid": 11533678, "date": 1630495524, "type": "sell", "price": 246938.28479, "amount": 0.00020874}
{"tid": 11533679, "date": 1630495538, "type": "buy", "price": 247000.1, "amount": 0.0001594}
{"tid": 11533680, "date": 1630495538, "type": "buy", "price": 247000.11, "amount": 0.00026161}
{"tid": 11533681, "date": 1630495561, "type": "sell", "price": 246942.50818, "amount": 7.888e-05}
{"tid": 11533682, "date": 1630495567, "type": "sell", "price": 246943.56273, "amount": 4.367e-05}
{"tid": 11533683, "date": 1630495583, "type": "sell", "price": 247000.1, "amount": 0.00029425}
{"tid": 11533684, "date": 1630495583, "type": "sell", "price": 247000.1, "amount": 0.00158963}
{"tid": 11533685, "date": 1630495591, "type": "sell", "price": 247000.1, "amount": 0.004}
{"tid": 11533686, "date": 1630495616, "type": "sell", "price": 247000.1, "amount": 0.004232}
{"tid": 11533687, "date": 1630495622, "type": "buy", "price": 247000.11, "amount": 0.00040485}
{"tid": 11533688, "date": 1630495652, "type": "buy", "price": 247000.11, "amount": 0.00097079}
{"tid": 11533689, "date": 1630495652, "type": "buy", "price": 247099.47397, "amount": 0.00482799}
{"tid": 11533690, "date": 1630495654, "type": "sell", "price": 247000.1099, "amount": 0.00041259}
{"tid": 11533691, "date": 1630495654, "type": "sell", "price": 247000.1, "amount": 0.00058741}
{"tid": 11533692, "date": 1630495660, "type": "sell", "price": 247097.5, "amount": 0.08}
{"tid": 11533693, "date": 1630495700, "type": "buy", "price": 247099.47399, "amount": 0.00024281}
{"tid": 11533694, "date": 1630495711, "type": "buy", "price": 247099.47399, "amount": 0.01042}
{"tid": 11533695, "date": 1630495711, "type": "buy", "price": 247100, "amount": 0.03700217}
{"tid": 11533696, "date": 1630495721, "type": "buy", "price": 247100, "amount": 0.00371351}
{"tid": 11533697, "date": 1630495727, "type": "buy", "price": 247100, "amount": 9.093e-05}
{"tid": 11533698, "date": 1630495731, "type": "buy", "price": 247100, "amount": 0.00011362}
{"tid": 11533699, "date": 1630495757, "type": "sell", "price": 247082.7, "amount": 0.00842254}
{"tid": 11533700, "date": 1630495777, "type": "sell", "price": 247082.7, "amount": 0.0008295}
{"tid": 11533701, "date": 1630495777, "type": "buy", "price": 247100, "amount": 0.00080424}
{"tid": 11533702, "date": 1630495778, "type": "buy", "price": 247100, "amount": 0.00505868}
{"tid": 11533703, "date": 1630495779, "type": "buy", "price": 247100, "amount": 0.00404743}
{"tid": 11533704, "date": 1630495791, "type": "buy", "price": 247100, "amount": 0.00020234}
{"tid": 11533705, "date": 1630495811, "type": "sell", "price": 247082.7, "amount": 0.005}
{"tid": 11533706, "date": 1630495851, "type": "sell", "price": 247083.752, "amount": 0.00125}
{"tid": 11533707, "date": 1630495863, "type": "sell", "price": 247084.804, "amount": 0.00036788}
{"tid": 11533708, "date": 1630495879, "type": "sell", "price": 247086.90799, "amount": 0.0032281}
{"tid": 11533709, "date": 1630495886, "type": "sell", "price": 247087.95999, "amount": 0.00056766}
{"tid": 11533710, "date": 1630495904, "type": "sell", "price": 247087.95999, "amount": 0.00280101}
{"tid": 11533711, "date": 1630495934, "type": "buy", "price": 247100, "amount": 0.00290659}
{"tid": 11533712, "date": 1630495953, "type": "sell", "price": 247087.95999, "amount": 0.0127548}
{"tid": 11533713, "date": 1630495967, "type": "sell", "price": 247087.95999, "amount": 0.00015521}
{"tid": 11533714, "date": 1630495978, "type": "sell", "price": 247087.95999, "amount": 0.00136648}
{"tid": 11533715, "date": 1630495980, "type": "sell", "price": 247087.95999, "amount": 0.00095579}
{"tid": 11533716, "date": 1630495980, "type": "buy", "price": 247100, "amount": 0.00185167}
{"tid": 11533717, "date": 1630495992, "type": "buy", "price": 247100, "amount": 0.00010117}
